3900 5784
1491 1287 1794 1352 SERVII
1835 1285 2405 1352 GRAMMATICI

813 1455 930 1538 IN
989 1455 1464 1542 VERGILII
1527 1455 1740 1540 AEN
1741 1455 2053 1542 EIDOS
2118 1455 2527 1542 LIBRVM
2586 1455 3073 1542 OCTAVVM

1527 1597 2367 1686 COMMENTARIVS.

849 1823 908 1886 1.
979 1841 1070 1886 VT
1107 1841 1314 1886 BELLI
1353 1839 1610 1888 SIGNVM
1649 1843 2005 1890 LAVRENTI
2040 1841 2311 1890 TVRNVS
2350 1841 2437 1888 AB
2478 1841 2657 1890 AROE
2698 1841 3009 1888 EXTVLIT
3052 1827 3229 1908 apud

669 1929 944 1996 maiores
1003 1933 1264 1994 nostros
1309 1929 1438 1994 tria
1485 1935 1674 1996 erant
1719 1933 1999 1996 militiae
2046 1953 2281 2016 genera
2326 1933 2397 1996 in
2440 1931 2635 1996 bellis
2686 1931 3017 2016 gerendis.
3070 1955 3229 1996 nam

671 2041 786 2100 aut
827 2037 1156 2122 legitima
1171 2041 1308 2100 erat
1355 2037 1596 2100 militia
1645 2043 1760 2102 aut
1803 2039 2189 2102 coniuratio·
2212 2041 2323 2100 aut
2372 2027 2677 2102 evocatio.
2752 2037 3049 2122 legitima
3086 2043 3229 2102 erat

669 2143 912 2234 militia
965 2165 1212 2226 eorum,
1271 2143 1380 2226 qui
1435 2143 1680 2228 singuli
1723 2145 2035 2208 iurabant
2074 2167 2191 2228 pro
2240 2144 2571 2226 republica
2620 2165 2683 2208 se
2734 2167 2875 2208 esse
2914 2143 3227 2228 facturw,

669 2273 786 2316 nec
831 2251 1248 2314 discedebant
1289 2249 1416 2314 nisi
1451 2253 1794 2334 complebis
1833 2253 2169 2334 stipendiis
2180 2301 2197 2334 ,
2244 2251 2307 2316 id
2350 2253 2445 2316 est
2486 2251 2759 2316 militiae
2792 2251 3225 2334 temporibus:
3262 2263 3291 2310 5

671 2361 736 2420 et
783 2361 1264 2420 sacramentum
1317 2357 1700 2442 vocabatur,
1757 2365 1824 2424 ut
1873 2357 1981 2442 <II
2032 2357 2199 2442 157>
2246 2359 2371 2440 fas
2418 2357 2607 2422 mihi
2650 2355 3053 2422 Graiorum
3108 2379 3227 2422 sa—

669 2469 886 2528 crata
927 2465 1292 2528 resolvere
1341 2465 1534 2528 iura.
1629 2469 1740 2530 aut
1783 2469 1953 2530 certe
2004 2465 2057 2528 si
2106 2469 2275 2528 esset
2314 2465 2663 2546 tumultUS,
2720 2465 2785 2528 id
2834 2467 2933 2526 est
2980 2463 3227 2528 bellum

667 2571 968 2636 Italicum
1025 2571 1128 2634 vel
1173 2569 1524 2656 Gallicum,
1577 2573 1646 2636 in
1699 2573 1932 2656 quibus
1996 2595 2067 2636 ex
2116 2571 2389 2656 periculi
2440 2571 2777 2636 vicinitate
2836 2575 2977 2634 erat
3026 2571 3229 2636 timor

669 2679 912 2742 multus
921 2727 940 2760 ,
991 2679 1142 2762 quia
1187 2677 1482 2760 singulos
1527 2679 1926 2762 interrogare
1978 2699 2109 2742 non
2148 2679 2447 2762 vacabat,
2498 2679 2609 2760 qui
2650 2679 2867 2744 fuerat
2910 2677 3223 2742 ducturus

669 2787 1020 2874 exercitum
1053 2785 1194 2850 ibat
1237 2785 1314 2850 ad
1355 2783 1752 2868 Capitolium
1789 2789 1856 2850 et
1891 2785 2123 2850 exinde
2164 2785 2499 2868 proferens
2544 2785 2667 2850 duo
2720 2787 2977 2870 vexilla,
3016 2809 3223 2850 unum
3262 2799 3329 2848 10

663 2913 990 2970 russeum,
1053 2893 1232 2976 quod
1287 2893 1540 2976 pedites
1605 2893 1940 2976 evocabat,
2008 2895 2071 2956 et
2132 2917 2329 2958 unum
2390 2895 2779 2976 caeruleum,
2848 2895 3017 2978 quod
3086 2895 3223 2958 erat

663 3001 954 3084 equitum
995 3039 1080 3048 ——
1119 3021 1272 3064 nam
1319 3001 1648 3066 caeruleus
1697 3001 1876 3064 color
1917 2999 2119 3066 maris
2156 3003 2281 3078 est,
2332 3023 2371 3064 a
2404 3001 2591 3064 cuius
2626 2999 2745 3064 deo
2784 3021 3021 3084 equum
3070 3023 3219 3066 eon-

663 3111 796 3170 stat
841 3107 1176 3172 inventum
1229 3143 1308 3154 -—
1363 3105 1618 3170 dicebat
1665 3105 1806 3192 ‘qui
1855 3127 1993 3170 rem
2034 3105 2365 3190 publicam
2412 3105 2659 3170 salvam
2710 3127 2849 3168 esse
2892 3107 3059 3190 vult,
3116 3129 3219 3172 me

663 3219 970 3298 sequatur
983 3213 1020 3296 ⁹,
1085 3217 1150 3278 et
1213 3213 1322 3296 qui
1383 3213 1862 3294 convenissent,
1921 3213 2119 3276 simul
2174 3213 2505 3276 iurabant:
2572 3217 2637 3276 et
2698 3213 3029 3278 dicebatur
3086 3215 3219 3278 ista

661 3321 900 3384 militia
957 3321 1334 3384 coniuratiO.
1419 3319 1538 3384 aziz·
1593 3321 1802 3384 album
1857 3323 1914 3384 et
1958 3339 2197 3384 roseum
2248 3319 2479 3384 vexilla
2530 3321 2815 3398 tradunt,
2866 3325 2925 3384 et
2974 3341 3217 3386 roseum
3252 3333 3321 3382 15

563 3435 570 3442 ’
645 3417 982 3512 bellorum,
1041 3429 1254 3492 album
1317 3429 1704 3492 comitiorum
1765 3429 2013 3510 signum
2074 3427 2279 3508 fuisse.
2374 3427 2573 3492 fiebat
2634 3427 2835 3492 etiam
2894 3429 3213 3492 evocatio:

653 3557 810 3600 nam
861 3535 940 3598 ad
979 3535 1234 3600 diversa
1277 3533 1422 3598 loca
1471 3533 1704 3598 diversi
1749 3539 2015 3618 propter
2052 3533 2371 3618 cogendos
2410 3535 2845 3600 mittebantur
2878 3537 3213 3600 exercitus.

657 3641 852 3706 modo
897 3661 1052 3724 ergo
1105 3641 1230 3704 duo
1275 3643 1428 3704 sunt
1477 3659 1714 3722 genera
1755 3639 2059 3724 militiae,
2108 3641 2467 3704 coniuratio
2504 3645 2573 3704 et
2608 3643 2897 3706 evocatio
2908 3693 2925 3726 ,
2974 3641 3211 3726 quippe

653 3749 724 3812 in
777 3749 1080 3812 tumultu.
1171 3769 1328 3810 sane
1381 3747 1810 3832 incongruum
1863 3769 1997 3810 non
2054 3751 2151 3812 est
2210 3747 2375 3830 quod
2438 3747 2695 3832 signum
2744 3747 2933 3834 belli,
2988 3749 3059 3812 id
3112 3753 3211 3812 est

651 3855 876 3918 vexilli
939 3853 1368 3920 elevationem
1425 3851 1644 3918 Turno
1713 3855 1852 3918 dat:
1913 3857 2029 3918 aut
2094 3855 2241 3938 quia
2308 3855 2381 3918 de
2448 3875 2597 3940 rege
2662 3855 2893 3920 Latino
2962 3855 3211 3920 dixerat
3244 3869 3315 3918 20

655 3985 854 4046 supra
897 3959 1074 4046 <VII
1121 3961 1294 4044 600>
1345 3981 1742 4046 rerumque
1797 3961 2125 4046 reliquit
2182 3961 2547 4026 habenas:
2602 3969 2717 4026 aut
2754 3963 2909 4044 quia
2958 3963 3209 4028 Turnus

795 4145 826 4192 1
867 4137 1016 4208 apud
1055 4135 1294 4192 maiores
1329 4139 1554 4194 nostres
1593 4155 1638 4194 e.
1681 4157 1734 4206 q
1773 4141 1842 4210 s.]
1877 4139 1953 4194 cf
1990 4139 2141 4194 Serv.
2182 4137 2251 4194 ad
2290 4137 2427 4194 Aen
2466 4137 2571 4192 VII
2608 4145 2713 4194 614

791 4307 826 4354 3
865 4301 1022 4356 erant
1061 4299 1114 4352 R
1159 4301 1178 4368 11
1223 4305 1256 4350 4
1297 4317 1354 4352 se
1389 4315 1488 4352 om.
1529 4301 1590 4356 R
1631 4301 1652 4368 ΙΙ
1699 4305 1730 4352 5
1767 4299 2159 4380 discedebant]
2200 4299 2611 4354 descendebant
2646 4299 2783 4352 LH
2812 4299 3125 4368 (discedant
3162 4305 3203 4372 ἰ)

649 4371 930 4426 discedere
973 4371 1032 4424 F
1069 4373 1086 4440 11
1139 4377 1174 4424 6
1213 4371 1274 4424 ut
1311 4371 1544 4426 inseruit
1581 4371 1792 4426 Daniel
1831 4372 1850 4442 ΙΙ
1893 4371 2053 4440 graio
2092 4371 2151 4424 F
2192 4375 2227 4442 ΙΙ
2264 4377 2297 4426 7
2336 4371 2383 4424 si
2422 4373 2617 4426 esset.
2698 4369 2919 4424 timor
2954 4389 3055 4428 om
3090 4373 3155 4426 F
3184 4371 3203 4444 ΙΙ

647 4447 682 4494 8
719 4443 974 4496 italicum
1011 4441 1222 4496 bellum
1259 4441 1318 4494 R
1341 4443 1362 4514 ΙΙ
1401 4443 1462 4496 et
1493 4443 1762 4512 gallicum
1803 4441 1908 4496 SR
1943 4445 1963 4512 ΙΙ
2008 4449 2041 4496 9
2080 4443 2269 4496 multis
2308 4443 2365 4494 F
2398 4445 2419 4510 ΙΙ
2458 4441 2703 4496 uocabat
2736 4439 2869 4494 HF
2892 4443 2915 4512 fl
2952 4443 3201 4498 dicturus

643 4515 698 4566 L
711 4515 786 4568 M
821 4515 1104 4584 (ducturus
1141 4515 1242 4582 lm)
1227 4515 1292 4584 )1{
1321 4521 1386 4568 10
1423 4515 1546 4570 ibat
1581 4531 1680 4570 om.
1719 4513 1790 4566 H
1811 4517 1830 4584 ΙΙ
1853 4515 1928 4568 ad
1966 4531 2065 4568 om.
2104 4515 2149 4570 S
2174 4517 2191 4586 ΙΙ
2218 4517 2275 4570 et
2314 4531 2411 4570 om
2444 4513 2551 4566 SR
2576 4515 2593 4582 ΙΙ
2622 4519 2691 4566 11
2728 4531 2979 4568 russeum
3018 4515 3065 4572 S
3074 4517 3147 4568 M
3156 4517 3197 4568 Z

643 4603 862 4638 roseum
903 4587 1100 4658 veliqm'
1125 4587 1142 4658 ΙΙ
1179 4593 1240 4640 13
1281 4587 1566 4656 publicam
1601 4603 1700 4640 om
1731 4583 1790 4638 R
1815 4587 1836 4652 ΙΙ
1861 4601 1979 4640 esse
2018 4605 2119 4640 om.
2152 4587 2287 4640 LM
2306 4590 2325 4653 ΙΙ
2348 4585 2497 4654 vult]
2540 4585 2597 4636 ul
2624 4583 2679 4634 L
2714 4583 2823 4650 (ult
2850 4587 2915 4668 ζ),
2950 4605 3053 4642 om.
3082 4587 3153 4638 H
3182 4587 3199 4658 Ι]

645 4661 714 4710 15
749 4659 816 4710 ut
849 4675 1074 4710 roseum
1109 4657 1386 4712 bellorum
1425 4655 1498 4722 F,
1539 4675 1678 4712 cor-r.
1715 4657 1926 4710 Daniel
1960 4659 1977 4728 ΙΙ
2026 4665 2091 4712 20
2128 4659 2227 4712 aut
2264 4655 2493 4710 Daniel.
2536 4655 2597 4706 ut
2634 4653 2695 4708 F
2722 4655 2743 4722 ΙΙ
2782 4657 2915 4724 quia
2948 4659 3031 4710 F·
3070 4675 3195 4710 cum

639 4727 840 4796 reliqui
865 4731 884 4796 ΙΙ
933 4729 1146 4782 dixerat
1185 4729 1262 4782 F:
1305 4727 1502 4782 dixerit
1539 4729 1736 4798 reliqui
1763 4731 1784 4798 ΙΙ
1827 4733 1892 4780 21
1935 4731 2009 4782 ad
2048 4747 2093 4784 v.
2134 4735 2163 4782 1
2204 4731 2267 4782 in
2302 4743 2473 4794 mas-ry
2514 4725 2641 4778 ideo
2680 4725 2843 4782 datur
2878 4731 3045 4784 turno
3082 4731 3193 4782 ele-

641 4801 802 4852 uatio
849 4799 1042 4854 uexilli
1089 4801 1220 4866 quia
1263 4799 1382 4870 ipse
1425 4799 1604 4854 furore
1645 4815 1940 4854 succensus
1974 4803 2181 4892 maluit
2212 4799 2321 4852 hoc
2356 4797 2575 4850 efficere
2620 4795 2741 4866 ipse
2790 4817 2955 4868 quam
3004 4801 3193 4854 iubere

639 4871 708 4924 ut
741 4887 936 4926 omnes
971 4887 1158 4926 muros
1195 4873 1316 4940 (sie)
1351 4869 1744 4940 abrumperent
1789 4869 1838 4922 T
