3900 5784
707 647 846 732 260⁴
1199 637 1202 640 ’
1529 639 1536 644 ’
1865 651 2109 708 SERVII

617 883 622 888 ⁸
705 809 908 878 rum'.
995 813 1250 894 quidam
1293 811 1454 876 hunc
1497 831 1742 880 sensum
1797 817 1900 880 illi
1937 815 2207 896 immuni
2254 813 2505 878 ‘absiste
2534 813 2845 894 precando
2890 813 3125 878 viribus
3164 815 3263 876 in-

705 919 986 982 dubitare
1035 919 1160 982 tuis
1173 915 1190 944 '
1203 939 1224 980 .·
1273 921 1464 982 cetera
1511 921 1674 984 enim
1703 943 1824 1002 per
1865 921 2265 1002 parenthesin
2306 921 2469 984 diota
2514 925 2673 984 sunt.

885 1025 1040 1092 401.
1107 1041 1376 1092 Posva
1417 1043 1870 1092 PROMITTERE
1911 1043 2141 1092 CVRAE
2182 1025 2491 1110 quiequid
2534 1029 2605 1092 in
2650 1047 2745 1092 me
2788 1049 2981 1092 curae
3028 1031 3153 1112 est,
3196 1029 3265 1092 id

709 1137 814 1198 est
855 1133 1062 1198 officii
1107 1137 1178 1196 et
1221 1133 1692 1198 sollicitudinis.

639 1257 672 1302 5
887 1241 1038 1304 402.
1107 1257 1410 1318 LIQVIDO
1453 1257 1782 1304 ELEGTRO
1825 1245 1938 1304 aut
1984 1239 2305 1322 liquefacto
2314 1291 2333 1324 7
2380 1245 2493 1304 aut
2534 1261 2713 1322 puro,
2804 1245 2875 1304 et
2920 1241 3265 1306 secundum

707 1347 994 1412 Plinium
1035 1347 1100 1412 in
1139 1347 1424 1414 naturali
1459 1347 1740 1412 historia
1781 1345 2111 1432 <XXXIII
2142 1351 2179 1428 ξ
2210 1347 2339 1430 80>
2380 1347 2509 1410 tria
2542 1351 2695 1412 sunt
2738 1347 2977 1412 electri·
3004 1369 3269 1432 genera3

707 1477 916 1520 unum
957 1477 1038 1518 ex
1083 1457 1452 1540 arboribus,
1513 1455 1684 1538 quod
1729 1455 2029 1518 sucinum
2070 1453 2333 1538 dicitur3
2398 1453 2599 1534 aliud,
2654 1453 2821 1536 quod
2880 1455 3267 1528 naturaliter

709 1563 1066 1648 invenitur3
1113 1563 1410 1648 tertium,
1453 1561 1630 1648 quod
1671 1561 1750 1624 fit
1795 1561 1872 1624 de
1917 1561 2129 1626 tribus
2174 1559 2469 1644 partibus
2520 1561 2657 1624 auri
2706 1563 2773 1624 et
2812 1581 2941 1626 una
2988 1563 3267 1644 argenti:

711 1693 872 1754 quas
933 1677 1156 1756 partes
1215 1671 1416 1734 etiam
1477 1669 1534 1734 si
1591 1667 1892 1734 naturale
1949 1668 2169 1732 solvas
2178 1717 2195 1750 ,
2258 1665 2561 1730 invenies.
2656 1667 2837 1732 unde·
2884 1671 3105 1732 errant
3156 1669 3269 1752 qui

605 1793 674 1842 10
709 1777 934 1842 dicunt
979 1779 1208 1842 melius
1261 1799 1402 1842 esse
1437 1775 1754 1840 naturale.
1827 1775 2051 1840 electri
2098 1775 2315 1838 autem
2364 1777 2601 1838 natura
2644 1773 2959 1858 probatur
3006 1797 3271 1860 venen0‚

705 1907 834 1968 quo
895 1889 1154 1968 recepto
1201 1887 1272 1948 et
1315 1883 1662 1948 stridorem
1719 1881 1965 1946 emittit
2018 1885 2079 1948 et
2128 1881 2341 1946 varios
2398 1881 2479 1946 ad
2534 1881 2717 1946 iridis
2776 1881 3269 1948 similitudinem

705 1993 924 2056 reddit
967 1993 1232 2056 colores.
1305 1995 1368 2054 et
1407 1993 1494 2056 ad
1531 1991 1774 2054 lumina
1809 1989 1880 2052 iii
1913 1991 2181 2054 convivio
2220 1989 2453 2056 clarius
2500 2011 2655 2056 auro
2698 1995 2761 2054 et
2798 1995 3049 2074 amento
3100 1989 3267 2054 lucet.

885 2099 1036 2162 403.
1107 2123 1374 2182 AMMAEQ
1383 2123 1454 2164 VE
1509 2121 1738 2162 mmm
1773 2095 2035 2176 fabrica·
2072 2095 2339 2160 Vulcani
2384 2097 2615 2160 duobus
2656 2101 2913 2180 constat,
2978 2097 3169 2162 ventis
3214 2101 3273 2160 et

703 2205 878 2286 ique,-
923 2205 1026 2268 hic
1057 2223 1196 2286 cryc
1245 2201 1540 2268 ‘animae’
1573 2223 1694 2284 pro
1733 2203 1963 2284 spirita
1972 2253 1991 2286 ,
2034 2223 2155 2282 quo
2192 2201 2449 2280 fabriles
2490 2201 2665 2280 folles
2704 2203 2927 2282 inflari
2972 2203 3177 2266 solent.

605 2329 672 2376 15
709 2329 978 2376 ANIMAE
1029 2311 1230 2394 venti,
1279 2305 1410 2376 ἀπὸ
1453 2307 1590 2374 τῶν
1633 2303 1924 2392 ἄνέμωνε
1972 2307 2287 2374 Horatius
2336 2307 2729 2392 inpellunt
2774 2307 3071 2374 animae
3120 2309 3269 2374 lin·-

705 2423 830 2484 tea
893 2417 1296 2482 Thraciae:
1359 2417 1530 2484 unde
1583 2419 1652 2480 et
1707 2413 1993 2480 ‘anima’
2048 2415 2311 2498 dicitur,
2384 2439 2545 2500 quae
2608 2415 2959 2482 secundum
3014 2415 3267 2502 aliquos

703 2529 936 2590 ventus
985 2527 1112 2608 est,
1161 2529 1232 2588 ut
1271 2523 1410 2608 <IV
1439 2523 1614 2606 705>
1663 2505 1902 2604 atque*
1931 2523 2013 2588 in
2056 2528 2331 2588 ventos
2380 2523 2539 2588 vita
2586 2523 2929 2588 recessit.
3040 2603 3049 2614 x
3112 2541 3265 2588 PRE-

705 2649 946 2694 GANDO
1007 2647 1282 2694 VIRIBvs
1337 2647 1770 2694 INDVBITARE
1827 2647 1987 2694 TVIS
2040 2631 2107 2694 id
2154 2633 2257 2694 est
2308 2629 2631 2714 dubitare,
2684 2653 2839 2694 nam
2884 2627 3015 2694 ‘in'
3064 2635 3265 2694 vacat.

707 2741 778 2802 et
819 2737 948 2802 hoc
995 2737 1176 2802 dicit:
1231 2759 1496 2822 precum
1541 2735 1842 2802 nimietas
1889 2735 2357 2820 postulationis
2404 2735 2735 2822 significat
2776 2735 3265 2802 dubitationem.

603 2865 672 2912 20
707 2865 860 2910 sane
905 2843 1314 2910 ‘indubitame'
1365 2847 1506 2928 quis
1545 2849 1690 2908 ante
1737 2843 1938 2908 hunc?
2050 2833 2053 2836 ⁴

887 2953 1036 3016 404.
1109 2977 1182 3016 EA
1243 2977 1424 3016 VERBA
1473 2977 1578 3018 1,oe
1587 2977 1734 3018 VTVS
1791 2951 2045 3030 quidam
2106 2949 2415 3016 humiliter
2478 2951 2709 3014 dictum
2764 2953 3091 3034 accipiunt.

885 3059 1036 3124 406.
1113 3075 1436 3124 CONIVGIS
1487 3075 1772 3124 INFVSVS
1819 3075 2091 3124 GREMIO
2146 3057 2269 3124 hoc
2326 3061 2423 3124 est
2474 3061 2621 3122 ante
2664 3059 3015 3124 concubuit
3062 3061 3127 3122 et
3174 3059 3265 3122 sic

705 3165 970 3252 quievit.
1059 3165 1310 3230 Probus
1383 3187 1532 3230 vero
1605 3169 1670 3230 et
1731 3163 2101 3230 Carminius
2164 3169 2431 3248 propter
2498 3185 2757 3230 sensum
2824 3165 3265 3248 cacenphaton

707 3273 1056 3340 ‘infusum'
1123 3275 1380 3358 legunt,
1439 3279 1518 3338 ut
1573 3273 1660 3336 sit
1717 3295 1969 3336 sensus:
2032 3273 2299 3338 dormiit
2362 3293 2505 3336 cum
2564 3273 2835 3356 coniuge
2888 3273 3265 3356 dormiente,

601 3397 668 3448 25
707 3381 776 3444 id
821 3385 922 3444 est
969 3381 1158 3466 petiit
1195 3387 1524 3466 soporem,
1569 3379 1856 3444 infusum
1893 3381 2091 3444 etiam
2128 3379 2419 3464 coniugis
2472 3381 2739 3464 gremio,
2808 3381 2925 3444 alii
2974 3377 3263 3460 ‘infusus'

853 3581 884 3628 6
921 3575 1032 3628 tria
1067 3577 1198 3628 sunt
1239 3573 1430 3628 electri
1469 3591 1674 3644 genera
1713 3617 1728 3630 .
1759 3617 1770 3630 .
1801 3615 1814 3626 .
1857 3575 2029 3644 lucet]
2072 3573 2139 3630 cf.
2178 3573 2307 3630 Isid.
2344 3589 2417 3628 or.
2450 3571 2599 3640 XVI,
2626 3579 2699 3626 24
2734 3573 2791 3626 et
2830 3571 2963 3626 XVI
2988 3579 3037 3640 8,
3070 3579 3103 3628 6
3130 3589 3211 3642 sq.
3252 3575 3259 3644 Ι

711 3651 780 3698 14
813 3643 908 3698 hic
953 3661 1090 3714 ergo
1137 3645 1360 3698 animae
1403 3663 1508 3712 pro
1553 3645 1776 3714 spiritu]
1827 3645 1892 3698 cf.
1931 3643 2179 3700 Macrob.
2222 3661 2417 3700 comm.
2456 3645 2513 3696 in
2550 3661 2725 3698 somn.
2764 3643 2907 3712 Scip.
2950 3645 2977 3696 I
3014 3651 3097 3710 14,
3136 3651 3209 3696 14
3254 3645 3259 3714 Ι

707 3721 776 3770 15
811 3733 1014 3768 ANIMAE
1049 3717 1230 3786 venti]
1269 3715 1340 3768 cf.
1377 3713 1522 3770 Non.
1559 3733 1618 3786 p.
1655 3721 1776 3782 233,
1805 3723 1876 3770 33
1911 3715 1989 3768 Μ.
2018 3717 2035 3786 ΙΙ
2062 3715 2355 3786 Horatius]
2392 3729 2559 3768 carm.
2600 3715 2675 3768 lV
2708 3719 2789 3780 12,
2822 3717 2899 3784 211
2928 3721 2995 3768 22
3030 3715 3139 3770 hoc
3178 3717 3263 3770 est

709 3805 756 3842 e.
795 3803 850 3854 q.
891 3789 954 3858 3.]
999 3787 1064 3840 cf.
1107 3787 1320 3844 Gellius
1361 3787 1454 3858 IX,
1497 3791 1560 3840 10

711 3899 976 3908 -ῌ-.-ῌ-
981 3901 1138 3906 --.-.-.-

853 3961 1248 4036 2Ῥε116111363111
1279 3965 1344 4020 F
1365 3969 1384 4036 ΙΙ
1421 3973 1456 4020 3
1493 3985 1722 4022 Possvur
1757 3967 1870 4020 AS
1879 3967 1957 4020 M
1980 3969 1997 4038 ΙΙ
2038 3971 2071 4020 7
2110 3965 2357 4022 sacinum
2392 3965 2457 4020 F
2478 3969 2497 4036 ΙΙ
2536 3971 2569 4020 8
2608 3967 2669 4020 fit
2708 3981 2805 4020 om.
2838 3963 2897 4020 F
2920 3967 2941 4034 ΙΙ
2984 3965 3259 4036 partibus]

709 4039 922 4092 duabus
963 4039 1022 4092 F
1061 4041 1082 4109 ΙΙ
1137 4041 1260 4092 auri
1295 4039 1358 4092 et
1391 4055 1494 4094 om.
1531 4037 1596 4090 F
1641 4039 1660 4106 ΙΙ
1717 4043 1748 4092 9
1783 4039 2041 4092 naturale
2084 4039 2265 4092 soluas
2302 4037 2569 4092 ASRF:
2616 4041 2821 4092 natura
2854 4039 3103 4092 resoluas
3138 4037 3271 4092 LH

705 4109 964 4164 naturale
1005 4111 1254 4164 resoluas
1291 4109 1394 4164 Ml
1419 4111 1440 4178 ΙΙ
1467 4109 1722 4164 inuenies
1757 4107 2083 4164 manifestas
2122 4109 2435 4164 Masvicius
2460 4111 2479 4176 ΙΙ
2506 4113 2575 4162 10
2610 4107 2867 4160 naturale
2902 4107 3105 4162 melius
3140 4125 3261 4162 esse

705 4177 822 4234 AS
855 4181 874 4250 ΙΙ
919 4185 984 4232 11
1025 4181 1158 4250 quo]
1201 4181 1352 4248 quod
1387 4181 1458 4234 Η
1503 4197 1554 4248 q:
1597 4181 1686 4250 (=
1725 4181 1844 4248 que)
1883 4179 1948 4232 F
1978 4183 1997 4248 ΙΙ
2032 4179 2107 4232 ad
2140 4179 2299 4234 iridis
2338 4179 2789 4246 similitudinem,
2836 4179 2981 4248 quod
3014 4179 3265 4234 Servium

705 4251 992 4320 scripsisse
1025 4253 1356 4306 conieceram
1385 4253 1591 4320 (praef.
1611 4269 1670 4320 p.
1703 4251 1916 4320 XLHJ),
1960 4251 2317 4304 Monacensis
2342 4251 2587 4320 praebet,
2620 4251 2779 4306 cuius
2818 4251 2951 4304 libri
2984 4267 3101 4304 eam
3126 4267 3263 4320 par-

705 4327 810 4376 tem
849 4337 960 4392 qua
997 4323 1130 4376 libri
1163 4323 1464 4376 VII—XII
1501 4325 1850 4378 continentur
1885 4337 2033 4376 anno
2076 4327 2211 4376 1882
2248 4329 2477 4376 exeunte
2516 4323 2749 4376 contuli:
2798 4323 2869 4374 ad
2916 4319 3261 4376 dissimilitu-

707 4393 894 4446 dinem
931 4391 1172 4446 ASRL
1233 4393 1302 4448 ad
1341 4393 1764 4448 similitudinem
1803 4393 1872 4446 H
1927 4393 2001 4446 ad
2046 4391 2475 4448 similitudinem
2516 4409 2681 4448 arcus
2718 4393 2973 4446 caelestis
3010 4391 3077 4444 F
3118 4395 3139 4463 ΙΙ
3196 4401 3259 4448 12

705 4463 956 4518 reddidit
993 4465 1058 4518 Η
1099 4467 1118 4536 ss
1157 4463 1354 4518 lucent
1389 4463 1450 4516 F
1491 4467 1510 4536 ΙΙ
1565 4471 1632 4518 13
1671 4467 1746 4520 ad
1779 4481 1830 4518 v.
1869 4469 1975 4518 403
2022 4463 2279 4534 (fabrica)
2326 4461 2553 4518 uuloani
2590 4465 2805 4518 duabus
2842 4463 3005 4516 rebus
3046 4467 3265 4518 constat

711 4537 934 4606 (uentis)
987 4535 1202 4590 scilicet
1249 4539 1306 4590 et
1353 4535 1482 4606 igne
1527 4537 1620 4590 hic
1663 4551 1796 4604 ergo
1847 4535 2091 4604 animae
2134 4553 2237 4606 pro
2278 4533 2501 4604 sp)iritu
2548 4533 2833 4604 accipiunt
2874 4551 2987 4602 quo
3034 4537 3261 4590 fabriles

615 4659 618 4662 ,
711 4607 896 4676 (folles
935 4607 1144 4674 s)olent
1177 4605 1364 4660 inflari
1393 4605 1458 4660 T.
1497 4623 1634 4674 quae
1671 4607 1876 4660 inclusi
1909 4623 2095 4660 umore
2128 4607 2305 4662 deleta
2342 4611 2471 4658 sunt
2494 4605 2513 4674 ΙΙ
2546 4611 2611 4658 14
2646 4605 2805 4674 igne]
2844 4603 2983 4660 flatu
3020 4605 3093 4662 F.
3130 4609 3259 4674 fort.

709 4677 916 4746 ventis,
969 4677 1026 4730 id
1075 4681 1160 4734 est
1205 4679 1368 4748 flatu,
1413 4681 1476 4734 et
1515 4677 1662 4746 igne.
1723 4683 1955 4732 ceterum
2002 4677 2073 4744 cf,
2112 4679 2253 4732 Isid.
2302 4691 2379 4730 or.
2418 4675 2547 4728 XIX
2590 4681 2635 4744 6,
2676 4683 2711 4728 4
2758 4673 3001 4740 ‘fabrica
3048 4681 3263 4734 duabus

711 4749 872 4802 rebus
905 4755 1144 4818 constat,
1181 4743 1358 4806 ventis
1391 4755 1444 4802 et
1479 4749 1734 4818 flammis'
1765 4749 1782 4820 ΙΙ
1813 4749 1997 4802 solent
2028 4747 2093 4800 id
2128 4751 2217 4802 est
2250 4743 2405 4802 uenti
2436 4745 2497 4800 F
2516 4747 2535 4814 ΙΙ
2572 4753 2629 4800 15
2658 4745 2941 4814 inpellant
2964 4749 3025 4804 F
3050 4753 3069 4822 ss
3094 4751 3263 4806 limea

713 4815 774 4872 F
813 4820 834 4891 ΙΙ
889 4825 956 4874 16
995 4821 1050 4876 et
1089 4837 1188 4876 om.
1229 4821 1290 4876 F
1331 4825 1350 4894 ΙΙ
1401 4827 1472 4876 18
1505 4839 1622 4874 vvis
1657 4819 1722 4872 id
1755 4821 1846 4874 est
1879 4819 2137 4874 dubitare
2176 4835 2271 4874 om.
2316 4815 2377 4872 F
2414 4819 2437 4886 ΙΙ
2488 4823 2557 4870 22
2596 4819 2727 4872 ante
2764 4819 3173 4878 confessionem
3208 4821 3261 4876 L

711 4891 842 4944 ante
879 4891 1258 4948 confusionem
1293 4893 1368 4948 H
1393 4893 1546 4960 (ante
1587 4891 1884 4944 concubuit
1921 4893 1965 4960 l)
1990 4893 2011 4962 ΙΙ
2046 4897 2115 4944 23
2152 4905 2373 4944 sensum
2410 4905 2509 4944 om.
2550 4889 2603 4942 A
2630 4889 2647 4959 ΙΙ
2688 4895 2753 4944 24
2794 4891 2999 4948 dormit
3034 4893 3143 4950 AS
3152 4895 3209 4948 L
3242 4895 3261 4966 Η

711 4965 778 5016 25
827 4977 1086 5030 soporem
1127 4965 1296 5032 petiit
1333 4963 1444 5016 AS
1495 4965 1514 5032 fl
1569 4963 1816 5016 infusum
1863 4963 2035 5016 etiam
2086 4955 2337 5028 coniugfs
2372 4959 2589 5030 gremio
2622 4959 2869 5020 ASMl:
2918 4963 3165 5022 infusum
3202 4965 3261 5018 in

713 5031 966 5102 coniugis
1001 5033 1216 5100 gremio
1251 5035 1308 5088 R
1363 5035 1608 5088 infusum
1641 5031 1704 5086 in
1743 5033 1912 5088 etiam
1954 5033 2205 5100 coniugis
2242 5047 2347 5086 con
2382 5029 2599 5100 gremio
2620 5023 2757 5112 {LH
2808 5033 3055 5092 infusum
3090 5037 3259 5094 etiam

917 5103 930 5114 ο

711 5105 962 5172 coniugis
999 5119 1028 5156 e
1065 5105 1276 5174 gremio
1315 5103 1376 5158 F

2588 5237 2605 5290 s'
