3900 5784
1245 595 1474 650 ooMM.
1509 593 1590 648 ΙΝ
1631 591 1842 648 VERG.
1877 595 2049 648 AEN.
2088 597 2165 650 vr
2204 585 2507 652 207—-225.
3074 597 3157 660 41

783 763 932 826 218.
1005 777 1174 824 PARS
1227 777 1518 828 CALIDOS
1569 777 1856 826 LATIOES
1913 759 2169 826 Plinius
2224 763 2295 826 in
2348 763 2635 828 naturali
2682 761 2959 828 historia
3004 759 3163 826 dicit

607 869 774 934 hanc
835 891 974 932 esse
1029 889 1286 932 causam
1349 873 1422 934 ut
1473 869 1716 934 mortui
1767 873 1836 934 et
1889 869 2099 936 calida
2154 873 2499 936 abluantur
2548 875 2611 936 et
2658 891 2773 954 per
2820 869 3163 936 intervalla

607 977 1114 1060 cond-amentur,
1159 977 1332 1060 quod
1377 979 1544 1044 solet
1593 979 1969 1062 plerumque
2014 979 2233 1044 vitalis
2282 979 2551 1062 spiritus
2598 979 2895 1044 exclusus
2944 975 3163 1062 putari

607 1089 670 1148 et
729 1083 1024 1148 homines
1091 1083 1336 1150 fallere.
1425 1085 1698 1170 denique
1759 1085 1963 1150 refert
2026 1085 2347 1170 quendam
2416 1087 2895 1170 superpositum
2960 1107 3163 1170 pyrae

609 1191 912 1254 adhibitis
963 1191 1224 1274 ignibus
1269 1195 1556 1256 erectum
1605 1213 1742 1254 esse
1787 1213 1908 1254 nec
1954 1191 2245 1274 potuisse
2294 1193 2573 1256 liberari.
2632 1191 2805 1254 unde
2844 1195 2909 1256 et
2950 1215 3161 1256 serva-

605 1299 844 1362 bantur
887 1300 1200 1364 cadavera
1245 1305 1494 1386 septem
1543 1299 1798 1380 diebus,
1847 1299 1912 1360 et
1952 1298 2161 1362 calida
2200 1297 2655 1380 abluebantur,
2704 1299 2767 1362 et
2812 1303 2965 1382 post
3008 1299 3165 1362 ulti-

607 1429 780 1470 mam
829 1407 1398 1472 conclamationem
1441 1387 1985 1472 conburebantur:
2032 1403 2203 1468 unde
2246 1403 2451 1468 traxit
2488 1403 2827 1468 Terentius
2872 1405 3165 1488 desine,

607 1513 756 1576 iam
809 1515 1374 1578 conclamatum
1431 1515 1570 1576 est.
1747 1527 1932 1572 AENA
1976 1527 2339 1574 VNDANTIA
2382 1527 2691 1572 FLAMMIS
2736 1511 2859 1574 hoc
2908 1515 3007 1574 est
3054 1533 3167 1596 per

607 1619 924 1684 flammas:
977 1619 1136 1684 alibi
1181 1617 1354 1700 <VII
1397 1617 1574 1698 466>
1621 1637 1756 1680 nee
1807 1617 1957 1680 iam
2000 1637 2079 1680 se
2124 1615 2341 1698 capit
2380 1617 2613 1680 unda:
2666 1617 2881 1680 volat
2928 1641 3167 1702 vapor

609 1729 772 1790 ater
819 1727 912 1790 ad
963 1749 1206 1792 auras,
2226 1749 2229 1752 ’
2516 1811 2521 1818 ,

783 1833 930 1898 219.
1005 1851 1284 1898 LAVANT
1327 1849 1700 1898 FRIGENTIS
1737 1851 1826 1896 ET
1863 1849 2147 1896 VNGVNT
2188 1853 2409 1896 versus
2452 1829 2663 1914 Ennii,
2706 1831 2817 1914 qui
2854 1831 2949 1894 ait
2982 1831 3165 1894 Tar-

609 1941 858 2026 quinii
899 1963 1176 2022 corpus
1231 1941 1428 2006 bona
1477 1937 1764 2004 femina
1811 1937 2007 2018 lavit
2056 1941 2127 2004 et
2172 1923 2407 2002 unxit.

783 2047 930 2112 220.
1005 2065 1332 2112 DEFLETA
1383 2045 1800 2130 participium
1857 2045 1938 2108 ab
1996 2067 2071 2108 eo
2128 2045 2299 2128 quod
2356 2049 2461 2110 est
2512 2043 2755 2126 ‘fleor’,
2824 2043 2879 2108 si
2944 2047 3165 2108 tamen

607 2153 1002 2238 inveniatur3
1051 2155 1216 2218 alias
1263 2155 1398 2218 sine
1447 2151 1630 2220 verbi
1679 2151 1926 2238 origine
1978 2175 2115 2216 esse
2164 2151 2469 2216 dicemus.

783 2261 930 2326 221.
1005 2277 1404 2326 PVRPVREAS
1465 2259 1540 2324 ad
1593 2259 2025 2323 imitationem
2078 2259 2441 2344 sanguiniS,
2494 2259 2565 2322 in
2614 2283 2737 2344 quo
2788 2263 2887 2324 est
2936 2259 3167 2344 anima,

607 2371 678 2432 ut
735 2367 1014 2432 diximus
1075 2391 1270 2452 supra
1317 2367 1422 2452 <V
1473 2365 1626 2448 79>2
1681 2369 1752 2430 ut
1799 2365 1938 2448 <IX
1984 2365 2155 2448 347>
2214 2361 2671 2450 purpuream
2728 2367 2971 2430 vomit
3024 2367 3165 2430 1116

607 2475 950 2540 animam.
1131 2493 1488 2540 VELAMINA
1531 2493 1728 2540 NOTA
1769 2475 1872 2538 vel
1921 2473 2049 2556 ipsi
2098 2495 2271 2556 cara,
2320 2475 2421 2538 vel
2472 2475 2749 2538 animae:
2800 2497 2875 2538 ex
2920 2473 3167 2542 notitia

609 2583 778 2648 enim
825 2583 1122 2668 gignitur
1167 2583 1428 2668 caritas,
1475 2585 1546 2648 ut
1593 2581 1716 2646 hic
1761 2583 1969 2646 inter
2010 2581 2341 2646 flumina
2384 2583 2593 2646 nota.

713 2771 716 2774 ἦ
781 2691 930 2754 222.
981 2707 1320 2754 'FERETRO
1379 2709 1608 2772 graece
1663 2687 1856 2770 dixit,
1911 2709 2069 2750 nam
2126 2689 2317 2752 latine
2370 2687 2639 2770 capulus
2700 2687 2935 2750 dicitur
2980 2709 3019 2750 a
3068 2709 3165 2752 ca-

547 2859 550 2862 .
603 2793 868 2880 piendo:
923 2797 1096 2862 unde
1143 2795 1238 2860 ait
1279 2793 1550 2860 Plautus
1599 2793 1991 2878 capularis
2050 2817 2305 2878 senex,
2360 2793 2425 2856 id
2474 2795 2577 2856 est
2618 2791 2847 2876 capulo
2896 2771 3161 2858 vicinuS.

607 2905 668 2966 et
717 2901 1002 2968 ‘subiere
1045 2901 1320 2968 feretro'
1367 2905 1440 2966 ut
1487 2901 1656 2984 <VII
1713 2901 1856 2986 161,
1903 2899 2063 2966 VIII
2112 2901 2279 2984 125>
2332 2901 2663 2964 subeunt
2710 2921 2941 2964 muro,

783 3011 930 3074 223.
1005 3001 1196 3078 ΜΟΒΕ
1243 3027 1620 3076 PARENTVM
1667 3009 2243 3094 propinquioribus
2298 3009 2473 3072 enim
2526 3007 2735 3072 virilis
2794 3029 2983 3072 sexus
3040 3009 3163 3074 hoc

609 3117 882 3182 dabatur
925 3117 1230 3182 officium.
2214 3177 2227 3186 .

781 3225 930 3290 224.
1003 3243 1234 3292 FACEM
1277 3225 1356 3288 de
1397 3225 1578 3308 fune,
1623 3227 1700 3288 ut
1733 3221 1946 3288 Varro
1996 3221 2173 3288 dicit:
2224 3223 2389 3286 unde
2428 3227 2495 3288 et
2530 3223 2725 3288 funus
2762 3223 3005 3288 dietum
3046 3225 3161 3288 est.

605 3353 722 3416 per
765 3333 1020 3396 noctem
1079 3335 1292 3396 autem
1353 3333 1734 3396 urebantur:
1793 3331 1963 3394 unde
2010 3333 2077 3394 et
2120 3333 2483 3414 permansit
2528 3335 2603 3394 ut
2646 3333 2941 3394 mortuos
2986 3329 3159 3394 faces

607 3439 1004 3504 antecedant.
2234 3513 2241 3522 ,

715 3617 724 3624 ,
783 3535 930 3610 225.
1007 3563 1182 3612 FVSO
1203 3535 1212 3542 ⁴
1235 3563 1586 3612 GRATERES
1633 3563 1848 3612 OLIVO
1903 3545 2029 3610 diis
2080 3545 2331 3630 superis
2376 3549 2635 3612 tantum
2682 3545 3005 3630 libabant,
3068 3547 3157 3610 in-

605 3651 762 3716 feris
813 3675 968 3718 vero
1025 3653 1464 3720 sacrificantes
1521 3653 1722 3718 etiam
1773 3675 1932 3718 vasa
1986 3655 2053 3718 in
2118 3653 2339 3738 ignem
2392 3655 2771 3738 mittebant,
2836 3653 3005 3718 unde
3072 3653 3163 3718 ait

591 3989 594 3992 ,
751 3939 778 3986 1
817 3931 1032 3986 Plinius
1069 3933 1130 3986 in
1163 3933 1410 3986 naturali
1447 3931 1708 4004 historia]
1747 3933 1814 3986 ef.
1855 3933 1963 3984 VlI
1998 3939 2027 3998 ξ
2070 3939 2169 3988 173
2198 3951 2321 4002 sqq.
2376 3935 2393 4004 ΙΙ
2448 3933 2659 3986 Plinius
2702 3951 2745 3990 e.
2786 3951 2839 4002 q.
2880 3933 2949 4002 s.]
2988 3949 3157 3986 exscr.

611 4005 892 4074 mythogr.
921 4005 1002 4058 ΙΙΙ
1029 4011 1078 4068 6,
1109 4011 1172 4058 27
1205 4007 1224 4074 ΙΙ
1253 4011 1280 4058 7
1323 4001 1638 4074 Terentius]
1677 4019 1802 4058 eun.
1845 4005 1892 4056 ΙΙ
1921 4011 1973 4070 3,
2002 4011 2069 4058 57
2100 4007 2117 4074 11
2160 4011 2225 4058 11
2264 4005 2455 4074 Ennii]
2494 4021 2619 4058 ann.
2648 4023 2701 4060 v.
2736 4011 2837 4060 156
2872 4023 2963 4072 ap.
2994 4003 3159 4060 Vahl.

605 4095 660 4146 p.
699 4083 766 4130 25
801 4075 822 4146 11
865 4081 928 4130 18
969 4077 1084 4146 1116]
1123 4077 1250 4130 buc.
1285 4075 1312 4128 Ι
1353 4083 1414 4130 51
1461 4077 1480 4148 11
1527 4081 1590 4130 19
1629 4091 1832 4144 graece
1869 4075 2011 4128 dixit
2048 4093 2097 4130 e.
2134 4095 2187 4144 q.
2230 4077 2295 4148 s.]
2346 4093 2517 4130 exscr.
2558 4077 2687 4132 Isid.
2728 4095 2803 4132 or.
2846 4075 2947 4130 XX
2986 4081 3073 4146 11,
3112 4083 3157 4130 7.

607 4147 672 4204 cf.
713 4149 872 4204 Luct.
909 4147 1062 4202 Plae.
1105 4149 1174 4202 ad
1217 4149 1356 4204 Stat.
1393 4145 1568 4204 Theb.
1609 4147 1686 4204 VI
1725 4151 1788 4202 55
1835 4149 1854 4220 ΙΙ
1895 4153 1969 4202 20
2002 4147 2261 4220 Plautus]
2302 4149 2415 4202 mil.
2458 4147 2535 4202 III
2578 4155 2623 4218 1,
2662 4155 2735 4204 34

749 4423 774 4470 1
813 4415 1032 4484 plenius
1069 4415 1140 4470 H
1157 4418 1174 4486 ΙΙ
1219 4419 1250 4470 5
1287 4413 1518 4470 adibitis
1553 4413 1618 4468 F
1637 4418 1656 4486 11
1695 4415 1946 4482 signibus
1986 4419 2035 4470 G
2062 4419 2083 4488 11
2120 4419 2179 4472 et
2216 4419 2425 4474 rectum
2468 4419 2515 4474 G
2542 4421 2563 4488 11
2606 4425 2635 4472 6
2676 4419 2977 4488 cadauera]
3018 4419 3161 4472 cada

609 4485 660 4540 G
701 4487 722 4556 11
777 4491 994 4556 septem
1029 4485 1168 4540 ΒΜ
1223 4485 1326 4540 VII
1365 4485 1566 4542 ASH:
1617 4489 1746 4540 octo
1779 4487 1844 4538 F
1891 4489 2025 4542 VIII
2062 4491 2117 4544 G-
2140 4491 2185 4560 ’11
2242 4491 2447 4546 callida
2482 4491 2539 4544 R
2596 4489 2805 4544 callida
2850 4505 2997 4556 aqua
3036 4491 3113 4542 M
3142 4489 3163 4560 11

607 4563 636 4612 ’ἵ
665 4559 1110 4614 concurebantur
1137 4557 1184 4612 G
1215 4560 1232 4629 ΙΙ
1257 4557 1560 4614 terrentius
1587 4557 1784 4610 ΑΕΗ
1805 4561 1824 4626 ΙΙ
1853 4565 1884 4614 8
1915 4563 2125 4614 scholia
2158 4563 2237 4618 ad
2270 4581 2409 4618 ΑΒΜ
2438 4585 2487 4620 ν.
2518 4581 2587 4626 Ἐκ,
2626 4563 2703 4616 ad
2736 4581 2785 4616 v.
2818 4565 2921 4614 219
2962 4567 3009 4616 et
3034 4567 3157 4626 220,

605 4629 678 4704 ad
713 4647 1018 4684 PVRPVREAS
1053 4647 1156 4684 om.
1197 4629 1248 4684 G
1275 4631 1290 4700 11
1327 4647 1504 4684 AEANA
1537 4629 1596 4682 A
1633 4629 1884 4696 (alterum
1917 4651 1957 4684 A.
1992 4633 2093 4686 del.
2132 4633 2191 4702 a)
2246 4653 2419 4688 Anum
2462 4635 2535 4688 M
2568 4635 2587 4704 ΙΙ
2630 4639 2659 4686 9
2702 4649 2759 4686 se
2796 4633 2911 4686 iam
2948 4635 3109 4704 vulgo
3144 4631 3163 4702 ΙΙ

605 4701 750 4754 unde
783 4701 856 4752 H
875 4703 894 4772 11
933 4707 1002 4756 10
1035 4701 1186 4752 auris
1227 4701 1278 4754 R
1305 4703 1324 4770 11
1371 4707 1428 4754 11
1475 4719 1750 4754 Emensus
1785 4717 1886 4758 om.
1925 4701 1985 4756 R
2010 4705 2027 4772 ΙΙ
2064 4721 2257 4758 uersus
2292 4707 2387 4760 hic
2422 4705 2575 4760 ennii
2614 4701 2673 4756 F
2698 4705 2715 4776 11
2752 4707 2821 4756 12
2860 4719 3061 4774 corpus
3098 4711 3163 4758 ea}

605 4787 800 4838 corpos
833 4773 908 4824 M
929 4773 948 4843 11
977 4771 1122 4826 labit
1149 4769 1210 4824 F
1233 4773 1252 4843 11
1279 4779 1348 4826 14
1385 4773 1628 4836 dicimus·⁴
1647 4771 1704 4824 R
1733 4773 1750 4842 ΙΙ
1779 4777 1848 4824 15
1881 4773 2041 4828 schol.
2086 4777 2157 4830 ad
2194 4793 2495 4832 rvnrvams
2530 4791 2633 4828 om.
2656 4775 2711 4830 G
2736 4777 2753 4848 11
2778 4775 3161 4830 mittationem

605 4841 672 4894 H
699 4843 720 4912 11
767 4849 832 4896 17
873 4845 966 4896 uel
1001 4843 1128 4912 ipsa
1161 4843 1308 4896 circa
1347 4845 1438 4898 uel
1479 4841 1694 4898 animae
1733 4845 1784 4894 A
1825 4845 1842 4912 11
1881 4845 2093 4900 noticia
2126 4847 2179 4902 A
2218 4850 2237 4918 11
2284 4853 2353 4900 19
2386 4847 2593 4902 scholia
2628 4849 2707 4902 ad
2740 4865 2787 4902 υ.
2828 4853 2931 4902 222
2970 4853 3019 4902 et
3056 4853 3159 4900 223

603 4929 702 4966 om.
745 4913 794 4968 G
841 4917 860 4984 11
911 4921 984 4968 20
1017 4913 1262 4982 placitus
1299 4913 1364 4966 F
1401 4917 1418 4986 11
1477 4919 1540 4968 21
1583 4913 1662 4982 et]
1705 4929 1764 4966 es
1799 4911 1874 4978 F,
1911 4931 2013 4972 om.
2052 4917 2111 4970 R
2152 4919 2171 4986 11
2230 4917 2447 4972 subiere
2486 4917 2497 4974 .’
2530 4959 2541 4970 .
2576 4959 2587 4970 .
2626 4917 2869 4974 officium
2908 4935 3007 4974 om.
3052 4917 3113 4970 F
3142 4917 3161 4988 ΙΙ

607 4981 788 5036 subire
829 4983 888 5040 R
911 4987 930 5054 ΙΙ
973 4989 1038 5040 22
1077 4983 1548 5052 propinqum-ibus
1587 4985 1688 5052 Au
1731 4987 1796 5036 25
1837 4987 2087 5056 noctem]
2126 5005 2233 5042 noc
2268 4989 2333 5040 F
2356 4991 2371 5060 11
2406 4989 2599 5042 autem
2634 5007 2737 5046 om.
2774 4989 2881 5046 AS
2908 4991 2927 5060 ΙΙ
2968 4993 3021 5044 et
3060 5005 3159 5042 om.

607 5049 844 5106 FGAS
887 5057 906 5124 11
951 5061 1020 5110 26
1055 5055 1416 5126 antecedant]
1461 5055 1740 5110 ancebant
1773 5053 1828 5106 G
1873 5055 1890 5124 11
1935 5061 2005 5112 27
2042 5059 2125 5112 dii
2158 5059 2213 5112 G

3204 1737 3267 1782 10

3208 2269 3271 2316 15

3202 2803 3307 2858 20,

3202 3339 3265 3388 25
