3900 5784
1349 609 1580 664 COMM.
1615 609 1698 664 IN
1737 609 1950 664 VERG.
1994 609 2165 666 AEN.
2202 609 2281 664 VI
2316 617 2473 666 447-
2494 615 2613 666 448.
3178 609 3265 676 69

709 795 872 854 quae
921 771 1232 837 latentem
1283 773 1452 840 bello
1503 773 1812 840 Thebano
1857 775 2169 840 maritum
2212 773 2507 860 Polynici
2556 775 2839 860 prodidit
2890 775 3115 840 monili
3164 797 3265 840 ac-

709 881 928 964 cepto,
971 879 1142 962 quod
1183 881 1330 942 ante
1365 883 1554 948 uxori
1591 881 1870 948 dederat.
1939 883 2049 966 qui
2086 883 2317 948 ductus
2356 885 2437 948 ad
2474 885 2793 970 proelium
2828 885 3019 950 hiatu
3052 887 3265 948 terrae

705 987 916 1068 periit.
1005 987 1188 1050 cuius
1253 987 1428 1052 filius
1479 987 1836 1054 Alcmaeon
1899 993 2131 1074 postea
2194 993 2263 1056 in
2320 993 2659 1056 vindictam
2708 993 2921 1074 patris
2982 993 3261 1056 matrem

703 1095 962 1158 necavit
1005 1095 1072 1158 et
1117 1097 1242 1178 est,
1293 1097 1360 1158 ut
1411 1095 1698 1180 Orestes,
1741 1095 1957 1160 furore
2008 1102 2357 1180 correptus,
2448 1099 2855 1180 vituperatur
2902 1123 3055 1164 sane
3102 1099 3259 1164 Ver-

703 1199 900 1284 gilius
951 1201 1116 1286 quod.
1167 1205 1480 1268 maestam
1529 1203 1762 1266 dixerit
1801 1225 1995 1286 quam
2038 1203 2359 1288 στυγερήν
2408 1205 2593 1290 legit,
2650 1203 2713 1266 id
2756 1211 2853 1270 est
2890 1211 3259 1272 nocentem:
3298 1221 3327 1268 5

699 1327 850 1372 nam
897 1309 1146 1374 maesta
1193 1313 1294 1374 est
1337 1303 1606 1392 στυγνή.
2918 1293 2923 1298 ’

879 1413 1026 1478 447.
1099 1431 1576 1492 EVADNENQVE
1625 1413 1772 1476 haec
1809 1413 2021 1496 &filli
2054 1413 2209 1498 filia,
2258 1437 2421 1478 uxor
2456 1413 2741 1498 Capanei
2788 1417 2937 1502 fuit,
2986 1441 3151 1502 quae
3188 1443 3257 1482 se

699 1521 766 1584 in
815 1521 1144 1586 ardentem
1191 1521 1410 1586 mariti
1455 1539 1706 1604 rogum.
1729 1519 2201 1602 praecipitavit.
2382 1539 2469 1584 ΕΤ
2518 1537 2909 1588 PASIPHAEN
2950 1523 3141 1608 haec,
3184 1533 3261 1590 ut

699 1647 894 1710 snpra
941 1629 1112 1712 <14>
1163 1629 1464 1710 diximus,
1511 1623 1684 1688 tauri
1727 1645 1948 1688 amore
1996 1625 2313 1710 flagravit.
2480 1643 2849 1718 LAOIJAMIA
2898 1653 3057 1696 uxor
3100 1631 3257 1696 Pro-

699 1733 916 1800 tesilai
969 1733 1120 1800 fuit..
1203 1755 1366 1818 quae
1429 1755 1572 1796 cum
1627 1731 1934 1796 maritum
1990 1731 2059 1796 in
2112 1731 2285 1796 bello
2332 1731 2617 1800 Troiano
2672 1737 2953 1818 primum
3010 1739 3257 1820 perisse
3296 1757 3361 1804 10

699 1841 1140 1926 cognovisset,
1197 1839 1450 1924 optavit
1505 1841 1578 1902 ut
1625 1839 1760 1902 eius
1807 1839 2103 1902 umbram
2156 1839 2425 1906 videret:
2482 1863 2607 1926 qua
2656 1863 2721 1906 re
2774 1863 3075 1908 concessa
3126 1869 3255 1910 non

699 1947 994 2012 deserens
1045 1969 1212 2032 eam,
1257 1949 1328 2010 in
1375 1947 1514 2010 eius
1557 1945 1961 2028 amplexibus
2010 1945 2221 2030 periit.

869 2055 1020 2120 448.
1091 2071 1282 2120 NVNC
1317 2071 1588 2118 FEMINA
1629 2061 1938 2118 CAE'NEVS
1980 2049 2209 2118 Caenis
2260 2055 2443 2140 virgo
2480 2053 2627 2138 fuit,
2674 2077 2835 2138 quae
2878 2079 2917 2118 a
2942 2055 3251 2140 Neptuno

693 2187 812 2248 pro
861 2163 1072 2246 stupri
1115 2163 1410 2244 praemio
1449 2163 1686 2226 meruit
1723 2183 1912 2226 sexus
1949 2163 2395 2226 mutationem.
2466 2163 2591 2226 fuit
2642 2163 2835 2226 etiam
2884 2163 3251 2230 invulnera-

691 2271 862 2334 bilis,
951 2271 1066 2352 'qui
1109 2269 1458 2352 pugnando
1509 2289 1624 2352 pro
1673 2265 1975 2352 Lapithis
2026 2271 2251 2332 contra
2300 2265 2659 2334 Centauros
2718 2271 2961 2334 crebris
3010 2273 3247 2336 ictibus
3290 2289 3355 2341 15

693 2377 964 2442 fustium
1011 2375 1326 2460 paulatim
1373 2377 1536 2440 fixus
1581 2375 1652 2438 in
1695 2377 1870 2438 terra
1919 2379 2047 2458 est,
2098 2377 2251 2458 post
2306 2379 2577 2440 mortem
2638 2379 2855 2440 tamen
2912 2379 2979 2442 in
3028 2399 3249 2442 sexum

693 2481 902 2548 rediit.
969 2481 1116 2566 hoc⁹
1145 2487 1356 2548 autem
1409 2481 1578 2546 dicto
1629 2481 1916 2546 ostendit
1949 2481 2359 2546 Platonicum
2408 2481 2563 2546 illud
2602 2483 2701 2548 vel
2746 2483 3249 2570 Aristotelicum,

693 2591 942 2658 animas
987 2613 1104 2676 per
1151 2585 1656 2676 μετεμψύχωσιν
1703 2609 1926 2652 sexum
1972 2589 2349 2672 plerumque
2400 2591 2667 2654 mutare.

835 2737 864 2784 9
911 2729 1216 2786 Laodamia
1245 2773 1258 2784 .
1283 2773 1294 2784 .
1319 2771 1330 2782 .
1357 2727 1554 2798 periit]
1581 2743 1754 2786 exscr.
1785 2727 2065 2796 mythogr.
2096 2727 2123 2780 Ι
2154 2733 2273 2796 158,
2302 2729 2349 2780 ΙΙ
2382 2733 2485 2782 215
2514 2729 2535 2796 ΙΙ
2562 2733 2629 2780 13
2662 2727 2855 2784 Caenis
2890 2771 2899 2784 .
2924 2771 2935 2784 .
2958 2773 2971 2786 .
3006 2731 3245 2802 mutare]

691 2819 860 2858 exscr.
903 2801 1180 2870 mythogr.
1221 2803 1244 2854 Ι
1279 2805 1396 2868 154,
1433 2799 1484 2852 ΙΙ
1517 2803 1632 2852 108.
1691 2797 1846 2852 Luct.
1891 2797 2039 2852 Plac.
2076 2799 2151 2852 ad
2186 2797 2325 2854 Stat.
2358 2799 2495 2854 Ach.
2526 2799 2551 2850 Ι
2578 2805 2683 2854 264
2722 2817 2777 2870 p.
2806 2805 2911 2856 442
2944 2801 3247 2858 Lindenbr.

831 2935 864 2982 2
907 2927 1056 2996 quod
1089 2971 1100 2982 .
1147 2971 1158 2982 .
1197 2969 1208 2980 .
1251 2925 1510 2994 dederat]
1565 2923 1714 2992 quod
1771 2921 2031 2992 polinicis
2086 2925 2215 2994 (lcye
2260 2925 2569 2994 Polynices)
2628 2923 2791 2992 angie
2846 2927 2981 2994 (leqe
3016 2925 3247 2998 Argiae)

691 2999 848 3054 uxori
887 2999 1120 3054 dederat
1159 2997 1224 3052 F.
1287 2997 1352 3064 cf,
1393 2997 1656 3066 mythoyr.
1693 2993 1718 3046 I
1761 2999 1858 3048 151
1901 2999 1950 3048 et
1992 2999 2107 3060 152,
2150 2997 2199 3048 II
2242 3001 2305 3050 78
2332 2996 2353 3066 ΙΙ
2390 3003 2419 3050 3
2458 2993 2611 3064 perit
2650 2993 2805 3066 FO]
2840 2997 2899 3050 in
2934 2997 3245 3054 vindictam

693 3071 894 3140 patris]
937 3071 1004 3136 cf.
1035 3071 1296 3142 mythoyr.
1333 3067 1388 3120 II
1417 3073 1482 3122 78
1511 3069 1588 3136 [14
1629 3069 1686 3120 et
1723 3067 1810 3120 est
1843 3069 1908 3120 ut
1943 3069 2155 3120 orestes
2188 3065 2307 3120 FO
2338 3069 2451 3122 nisi
2488 3067 2635 3136 quod
2670 3067 2919 3130 horestes
2960 3067 3029 3124 G:
3066 3071 3127 3122 et
3164 3075 3247 3126 est

691 3143 942 3198 horestes
967 3141 1078 3196 As
1135 3145 1192 3196 et
1227 3141 1314 3194 est
1347 3141 1560 3196 orestes
1587 3137 1662 3190 H
1705 3139 1766 3190 et
1793 3141 1878 3192 est
1909 3135 2105 3190 orestis
2134 3137 2279 3192 ΒΜ
2320 3141 2381 3192 et
2406 3141 2491 3192 est
2520 3135 2759 3192 horestis
2788 3155 2857 3192 as
2884 3141 2905 3210 ΙΙ
2930 3141 3241 3210 correptus]

689 3213 870 3282 cor-git
907 3213 982 3280 H,
1021 3213 1374 3282 vituperatur
1413 3255 1424 3264 .
1455 3253 1466 3266 .
1503 3253 1514 3264 .
1551 3209 1692 3278 legit
1729 3211 1975 3264 omittens
2014 3209 2031 3278 ΙΙ
2068 3215 2097 3262 5
2140 3213 2359 3280 stygere
2398 3207 2453 3262 R
2512 3213 2731 3278 stygere
2774 3207 2821 3264 0¹
2872 3213 3135 3280 stygeren
3162 3215 3253 3266 -M

687 3285 936 3354 stigeren
969 3283 1154 3340 ASF
1197 3285 1218 3354 ΙΙ
1275 3281 1332 3336 id
1371 3285 1456 3336 est
1491 3279 1788 3336 nocentem
1825 3321 1836 3334 .
1871 3321 1884 3334 .
1917 3323 1926 3336 .
1970 3279 2233 3368 στυγερή]
2282 3279 2341 3334 id
2388 3283 2473 3334 cst
2518 3281 2829 3334 nocentem.
2906 3281 3055 3352 apud
3094 3285 3245 3338 enirn

687 3357 992 3412 Homerum
1023 3359 1108 3410 est
1137 3355 1260 3424 (od.
1291 3353 1370 3408 XI
1401 3353 1526 3418 326)
1565 3351 1690 3406 ἴδον
1727 3347 2003 3422 στυγερήν
2032 3371 2059 3404 τ
2110 3345 2431 3420 Ἐριφύλην.
2490 3351 2663 3406 immo
2690 3369 2827 3408 uero
2856 3353 2985 3408 odio
3016 3353 3245 3422 dignam

687 3429 742 3480 et
779 3427 1046 3482 inuisam:
1083 3443 1212 3482 nam
1243 3425 1424 3494 στυγῶ
1451 3425 1540 3480 est
1565 3423 1694 3478 odio
1731 3423 1914 3478 habeo
1941 3423 2005 3476 et
2030 3423 2243 3478 inuisus
2280 3441 2417 3478 sum.
2452 3423 2591 3478 licet
2626 3425 2845 3478 moesta
2884 3425 2967 3480 est
3004 3441 3039 3478 a
3068 3423 3245 3496 Styge

687 3499 986 3554 Fabricius
1041 3499 1060 3570 ΙΙ
1113 3505 1146 3552 6
1197 3499 1380 3568 stigne
1419 3495 1530 3550 AS
1537 3495 1590 3548 R
1601 3493 1674 3546 H
1677 3495 1754 3546 M
1811 3495 1973 3564 styge
2014 3495 2073 3548 F
2134 3495 2353 3564 stygiae
2394 3495 2439 3550 0
2500 3491 2733 3564 στυγερή
2782 3495 3091 3564 Stephanus
3138 3501 3155 3568 ΙΙ
3212 3505 3245 3552 7

687 3589 1068 3630 uvcmnnnovn
1105 3569 1164 3622 A
1209 3571 1262 3638 (c
1299 3569 1400 3624 del.
1439 3569 1496 3654 a]
1543 3583 1934 3652 nvfflpnsnova
1972 3565 2035 3618 F
2082 3585 2433 3628 EvAnnanvn
2474 3565 2523 3622 O
2566 3573 2887 3630 nvsnnfiovn
2926 3567 3001 3622 M
3034 3569 3051 3640 ΙΙ
3090 3567 3241 3640 ifilli]

687 3641 756 3708 cf.
789 3643 1042 3708 Apollod.
1071 3639 1152 3696 III
1181 3647 1228 3706 7,
1263 3645 1310 3706 1,
1335 3645 1368 3692 3
1413 3633 1650 3706 Ευάδνη
1677 3657 1710 3704 η
1743 3635 2059 3698 Καπανέως
2086 3635 2191 3706 μὲν
2220 3633 2365 3704 γυνὴ
2398 3633 2659 3708 θυγάτηρ
2686 3637 2753 3690 δὲ
2780 3633 2975 3706 Ἴφιος.
3014 3641 3245 3706 fortasse

687 3711 918 3780 Iphiclis
943 3729 1134 3768 nomen
1161 3711 1470 3766 scholiastes
1497 3711 1656 3778 apud
1681 3713 1953 3762 auctorem
1980 3723 2143 3762 sunm
2166 3711 2461 3764 invenerat.
2518 3709 2583 3774 cf.
2608 3711 2905 3764 Manckeri
2932 3711 3009 3766 acl
3026 3711 3239 3782 Hyyin.

681 3785 798 3850 fab.
825 3789 932 3838 243
969 3783 1272 3838 adnotatio,
1299 3784 1318 3853 ΙΙ
1345 3779 1578 3850 canapei
1617 3779 1680 3832 F
1729 3779 1890 3846 capei
1925 3779 1997 3832 H
2014 3781 2035 3848 11
2060 3783 2091 3832 8
2132 3779 2379 3834 ardentis
2418 3777 2537 3834 FO
2554 3781 2575 3846 ΙΙ
2602 3797 2889 3834 mssffnnn
2924 3781 3053 3834 RF
3100 3801 3241 3836 mm-

683 3873 820 3906 PHAE
859 3855 916 3906 A
965 3873 1184 3908 nemu:
1225 3853 1342 3920 Mn
1379 3859 1412 3906 9
1449 3867 1620 3918 supra
1655 3849 1776 3906 hab.
1815 3849 1944 3902 GM
1968 3853 1989 3918 ΙΙ
2016 3867 2293 3904 mononis
2328 3853 2473 3904 AM
2496 3853 2517 3919 ΙΙ
2540 3849 2845 3918 proteselai
2884 3849 2931 3904 Ο
2950 3855 2971 3930 [Ι
3012 3859 3075 3906 10
3118 3871 3241 3906 cum

687 3967 696 3978 .
729 3965 740 3976 .
777 3969 788 3978 .
827 3925 1204 3994 cognovisset]
1255 3923 1318 3978 ut
1355 3965 1366 3978 .
1401 3963 1412 3976 .
1445 3963 1456 3976 .
1497 3921 1764 3990 cognouit
1797 3921 1860 3972 F
1869 3921 1916 3974 0
1960 3921 1981 3988 ΙΙ
2040 3927 2103 3972 11
2156 3921 2411 3974 umbram
2458 3921 2575 3974 eius
2614 3919 2731 3974 FO
2778 3922 2797 3991 ΙΙ
2848 3921 3089 3976 uidisset
3136 3925 3175 3978 S
3222 3923 3241 3994 ΙΙ

687 4001 750 4050 12
783 4013 912 4050 eum
939 3993 1058 4050 FO
1077 3999 1098 4064 ΙΙ
1125 3997 1182 4048 in
1219 3993 1480 4062 amplexu
1521 3991 1638 4044 eius
1667 3989 1784 4044 FO
1801 3992 1820 4061 ΙΙ
1847 3991 1999 4060 perit
2028 3991 2073 4044 Ο
2094 3993 2115 4060 l}
2148 3997 2209 4044 13
2242 3989 2437 4046 Caenis
2476 3991 2641 4060 virgo
2674 3989 2785 4046 fuit
2814 4035 2825 4046 .
2864 4035 2875 4046 .
2908 4035 2917 4046 .
2946 3993 3009 4046 in
3046 4009 3239 4048 sexum

681 4065 874 4138 rediit]
933 4065 1120 4122 caenis
1173 4065 1310 4122 elati
1353 4065 1476 4126 filia.
1533 4061 1716 4132 (elatis
1767 4061 1866 4116 ilia
1905 4061 1975 4128 G)
2034 4061 2191 4132 uirgo
2250 4061 2359 4116 fuit
2410 4077 2551 4130 quae
2598 4079 2635 4116 a
2676 4065 2925 4132 neptuno
2974 4065 3241 4120 adamata

681 4137 860 4208 stupri
907 4137 1158 4208 praemio
1205 4137 1410 4202 meruit
1451 4137 1522 4190 ut
1553 4133 1614 4188 in
1653 4149 1844 4188 sexum
1893 4135 2201 4188 mutaretur
2238 4133 2473 4188 uirilem.
2552 4133 2705 4188 cuius
2744 4137 3023 4206 neptunus
3058 4137 3237 4190 admi-

681 4213 834 4266 ratus
885 4209 1134 4264 animum
1185 4207 1356 4266 etiam
1407 4207 1548 4262 illud
1601 4205 1890 4276 praestitit
1937 4207 2005 4258 ut
2048 4205 2473 4260 inuulnerabilis
2530 4209 2687 4260 esset.
2772 4223 2897 4260 cum
2950 4223 3081 4276 ergo
3136 4227 3235 4278 pro

681 4279 918 4350 lapithis
953 4287 1152 4336 contra
1187 4281 1476 4336 centauros
1515 4281 1792 4348 pugnaret
1829 4279 2131 4348 (pugnaret
2168 4279 2223 4332 et
2262 4275 2341 4344 F)
2382 4275 2585 4332 crebris
2622 4275 2825 4332 ictibus
2866 4279 3131 4350 (hictibus
3162 4281 3235 4350 G)

681 4369 936 4408 saxorum
987 4371 1054 4410 ac
1095 4353 1330 4408 fustium
1377 4349 1652 4422 paulatim
1699 4351 1928 4404 obrutus
1966 4349 2107 4404 fixus
2146 4349 2201 4402 in
2242 4353 2393 4404 terra
2426 4351 2533 4414 est.⁸
2606 4351 3011 4418 postmortem
3046 4353 3239 4406 tamen

679 4423 738 4476 in
775 4421 1020 4494 priorem
1059 4443 1250 4480 sexum
1287 4425 1434 4494 petit
1467 4421 1588 4476 FG
1625 4423 1644 4490 ΙΙ
1689 4421 1908 4476 caeneis
1947 4421 2027 4474 M
2056 4423 2075 4492 ΙΙ
2124 4439 2157 4476 a
2192 4437 2291 4476 om.
2320 4421 2511 4476 ΑΕΗ
2540 4423 2707 4490 (supr.
2750 4439 2881 4476 vers
2920 4425 3049 4478 add.
3088 4427 3177 4494 as)
3220 4423 3239 4494 ΙΙ

685 4501 752 4550 14
789 4511 890 4566 pro
927 4497 1104 4566 stupri
1141 4495 1390 4566 praemio
1419 4493 1590 4550 ΑΒΕ
1627 4493 1890 4562 mythoyr.
1921 4491 2029 4548 II:
2064 4511 2167 4562 pro
2204 4491 2385 4562 stupri
2418 4491 2639 4562 praetio
2668 4491 2715 4548 0
2764 4509 2869 4562 pro
2898 4495 3077 4564 stupri
3114 4513 3239 4566 pre-

681 4565 762 4622 tio
801 4567 948 4620 HM
1005 4585 1104 4638 pro
1147 4571 1334 4638 stupro
1375 4563 1682 4638 praemium
1717 4563 1981 4634 nmthoyr.
2024 4565 2065 4618 I
2086 4567 2107 4634 ΙΙ
2140 4569 2199 4620 15
2242 4563 2337 4632 qui
2374 4567 2557 4634 vulgo:
2598 4579 2743 4632 quae
2780 4563 2953 4620 ΑΕΒ
3010 4583 3117 4634 que
3154 4569 3237 4636 H,

681 4653 782 4692 om.
815 4637 954 4692 GM.
1025 4641 1118 4694 sed
1157 4641 1416 4710 mythoyr.
1453 4639 1502 4692 I
1541 4635 1842 4706 pugnando
1893 4637 2077 4690 tamen
2126 4637 2389 4708 nmthoyr.
2426 4637 2471 4688 Ι
2470 4635 2523 4690 I.
2570 4635 2801 4702 fortasse
2842 4641 3239 4706 grammaticus

681 4725 908 4764 acumen
951 4713 1224 4780 quoddam
1271 4711 1554 4776 adfectans
1595 4707 1816 4776 scripsit
1875 4723 2019 4774 quae
2056 4747 2067 4758 .
2112 4749 2125 4762 .
2164 4751 2175 4760 .
2214 4707 2355 4760 fixus
2404 4707 2463 4760 in
2514 4707 2663 4758 terra
2716 4707 2825 4776 est,
2882 4711 3027 4778 quod
3060 4711 3237 4766 ΑΒΕ

671 4781 950 4848 praebent.
987 4783 1008 4852 ΙΙ
1045 4799 1150 4852 pro
1185 4779 1420 4850 laphitis
1459 4783 1518 4836 et
1551 4797 1586 4834 a
1627 4777 1904 4832 centauris
1941 4779 2021 4830 M
2056 4781 2073 4848 ΙΙ
2126 4785 2187 4832 16
2226 4779 2287 4832 in
2320 4779 2529 4832 terram
2566 4775 2645 4830 M
2672 4779 2691 4846 ΙΙ
2734 4781 2983 4834 montem
3022 4779 3069 4836 C'
3106 4785 3125 4854 ΙΙ
3164 4785 3235 4836 ’17

681 4851 896 4906 dictum
923 4853 1002 4908 H.
1057 4855 1126 4920 cf.
1163 4855 1424 4924 mythoyr.
1455 4853 1502 4906 I
1537 4851 1658 4906 ‘hoc
1691 4853 1872 4902 antem
1909 4851 2145 4906 ostendit
2178 4851 2387 4904 dictum
2418 4847 2563 4902 illud
2602 4847 2955 4906 Platonicum
2994 4855 3073 4908 vel
3102 4855 3233 4908 Ari-

679 4923 1022 4980 stotelicum'‚
1049 4929 1068 4994 ss
1109 4925 1262 4980 dicto
1299 4967 1310 4980 .
1341 4969 1354 4980 .
1391 4967 1402 4980 .
1437 4923 1530 4980 vel
1565 4939 1666 4978 om.
1705 4919 1768 4972 F
1815 4917 1969 4998 dicto
2010 4965 2023 4974 .
2052 4961 2065 4974 .
2098 4965 2109 4976 .
2150 4917 2571 4974 Aristotelicum
2610 4935 2707 4974 om.
2752 4921 2797 4978 O
2826 4925 2847 4994 ΙΙ
2886 4925 3235 4994 platonicum

679 4993 822 5046 illud
857 4997 1104 5050 ostendit
1139 4997 1194 5050 R
1237 4997 1260 5066 ΙΙ
1309 4995 1666 5050 Platonicum
1701 5031 1714 5044 .
1749 5027 1764 5044 .
1793 5033 1804 5044 .
1845 4991 2285 5062 Aristotelicum]
2332 4989 2677 5060 platonicum
2716 4995 2907 5050 tamen
2942 4997 3003 5050 in
3040 5013 3235 5052 sexum

679 5061 848 5118 rediit
885 5067 990 5120 hoc
1029 5069 1216 5122 autem
1255 5067 1660 5124 aristotelicum
1695 5061 1748 5116 G
1775 5062 1794 5130 ΙΙ
1839 5067 1902 5114 18
1941 5061 2449 5132 metempsychosin
2488 5061 2623 5116 RH
2668 5067 3139 5138 metempsycosin
3174 5067 3231 5120 A
