3900 5784
1287 607 1516 664 COMM.
1553 605 1636 660 IN
1667 605 1888 664 VERGn
1923 609 2095 668 AEN.
2134 613 2209 668 VI
2248 619 2545 670 226ffl244.
3112 613 3199 676 43

825 769 976 834 233.
1051 787 1320 850 SVAQVE
1363 793 1552 840 ARMA
1587 791 1758 838 VIRO
1803 775 1926 860 ipsi
1972 799 2119 842 cara
2156 779 2427 864 sculpsit
2476 781 2543 844 in
2584 801 2765 844 saxo:
2812 799 2967 844 nam
3012 799 3209 862 supra

651 901 726 944 ea
773 877 906 940 iam
947 877 1226 962 legimus
1275 885 1698 948 concremata.
1881 901 2263 962 REMVMQVE
2310 903 2687 964 TVBAMQVE
2748 889 2899 972 quia
2956 889 3019 950 et
3076 883 3207 948 bel-

649 987 822 1050 lator
871 987 930 1048 et
979 1007 1194 1050 remex
1243 989 1470 1054 fuerat.
1541 989 1698 1054 licet
1745 989 2065 1072 possimus
2116 993 2313 1058 etiam
2364 993 2569 1058 solam
2618 993 2845 1060 tubam
2890 993 3205 1078 accipere:
3318 1055 3325 1060 .

647 1115 862 1156 remus
909 1093 1082 1156 enim
1133 1093 1368 1160 dicitur
1411 1097 1650 1180 lorum,
1695 1097 1870 1180 quod
1913 1099 2207 1162 continet
2252 1099 2497 1162 tubam.

823 1201 978 1266 234.
1039 1219 1278 1268 MONTE
1307 1219 1434 1290 SVB
1465 1221 1672 1270 AERIO
1713 1203 1782 1266 111
1819 1203 2023 1268 aerio:
2056 1225 2215 1268 nam
2246 1225 2441 1288 supra
2474 1207 2571 1270 est
2602 1207 2867 1288 positus.
2914 1203 3207 1270 ‘aerium'
3244 1217 3275 1266 5

649 1313 868 1372 autem
915 1309 1026 1372 alii
1075 1311 1278 1376 altum
1323 1311 1572 1396 dicunt,
1599 1309 1732 1374 Φ11111
1775 1331 2015 1374 nomen
2058 1309 2299 1374 montis
2356 1309 2693 1394 antiquum
2740 1313 2993 1376 volunt:
3034 1309 3207 1374 unde

531 1437 548 1444 “
651 1419 750 1480 est
795 1413 938 1498 ‘qui
985 1437 1156 1482 nunc
1199 1417 1492 1482 Misenus
1539 1417 1620 1480 ab
1665 1417 1782 1480 illo
1833 1413 2119 1480 dicitur'.

823 1521 972 1588 236.
1043 1541 1444 1588 PRAECEPTA
1485 1539 1818 1588 SIBYLLAE
1859 1523 1928 1582 ut
1968 1519 2183 1602 <153>
2226 1519 2365 1586 due
2406 1521 2677 1604 nigras
2728 1525 3085 1606 pecudes„
3122 1475 3211 1586 ea

645 1629 892 1716 prima
933 1631 1248 1720 piacula
1291 1633 1536 1694 sunto.

677 1807 686 1814 ⁴
823 1737 976 1800 237.
1049 1745 1410 1802 SPELVNOA
1453 1753 1638 1800 ALTA
1681 1753 1846 1802 FVIT
1891 1757 2019 1820 qua
2064 1735 2147 1800 ad
2190 1735 2435 1798 inferos
2488 1735 3021 1820 descendebatur,
3074 1757 3205 1798 non
3246 1751 3313 1798 10

647 1843 762 1910 ubi
805 1843 1020 1908 fuerat
1063 1843 1316 1928 Sibylla
1367 1843 1734 1908 vaticinata.

821 1951 972 2014 238.
1045 1969 1356 2014 SGRVPEA
1399 1951 1728 2032 lapillosa:
1785 1973 1938 2014 nam
1990 1971 2257 2034 scrupus
2302 1949 2563 2034 proprie
2616 1955 2713 2014 est
2756 1949 3015 2034 lapillus
3062 1951 3205 2014 bre-

645 2059 772 2138 viS,
825 2057 936 2142 qui
983 2057 1394 2122 decedentibus
1435 2045 1848 2140 inpedimento
1891 2061 1983 2122 est
2022 2063 2081 2122 et
2134 2077 2395 2142 pressus
2454 2055 2959 2120 sollicitudinem
3004 2057 3205 2120 creat:

645 2165 812 2230 unde
863 2165 1056 2230 etiam
1107 2165 1444 2248 scrupulus
1497 2165 1700 2230 dictus
1751 2167 1868 2228 est.
2028 2181 2215 2228 LACV
2260 2179 2479 2228 NIGRO
2524 2165 2639 2226 aut
2686 2163 2855 2228 alto:
2898 2165 3013 2226 aut
3056 2183 3207 2228 vere

643 2275 832 2360 nigro
891 2271 1246 2338 inferorum
1295 2271 1648 2338 vicinitate.
1871 2291 2051 2338 TVTA
2110 2275 2353 2356 autem,
2410 2269 2563 2356 quia
2620 2269 2769 2334 hinc
2826 2271 2999 2356 lacu,
3052 2269 3209 2336 hinc
3244 2285 3313 2368 35

645 2381 930 2464 cingitur
979 2365 1192 2446 silvis.⁴
1273 2379 1426 2446 dicit
1473 2383 1688 2446 autem
1737 2383 1981 2466 locum,
2026 2403 2221 2464 quem
2264 2401 2433 2444 nunc
2484 2377 2725 2444 doliola
2766 2383 3019 2446 vocant.

821 2487 972 2554 239.
1043 2503 1410 2554 VOLANTES
1467 2487 1790 2556 volucres:
1857 2487 2279 2572 participium
2336 2507 2455 2570 pro
2512 2485 2771 2550 nomine
2826 2485 3077 2570 posuit,
3134 2491 3211 2550 ut

643 2595 1032 2680 plurimus
1077 2595 1510 2658 Alburnum
1553 2593 1902 2660 volitans
1949 2595 2069 2660 6111
2116 2615 2389 2658 nomen
2436 2593 2635 2658 asilo
2684 2595 2829 2658 est:
2876 2593 3027 2658 licet
3074 2593 3211 2658 11116

647 2703 732 2768 sit
781 2703 980 2768 etiam
1029 2701 1236 2766 altera
1281 2701 1510 2788 figura.
1583 2725 1738 2766 sane
1783 2701 2119 2766 sciendum
2154 2701 2529 2766 Lucretium
2578 2703 2641 2764 et
2686 2701 2853 2764 alios
2894 2699 3207 2784 physicos

647 2809 856 2874 dicere
893 2815 1110 2874 aerem
1149 2829 1528 2894 corporeum
1565 2831 1734 2894 esse,
1769 2809 1936 2872 unde
1980 2814 2041 2873 et
2082 2831 2233 2874 aves
2272 2807 2577 2890 sustinet3
2626 2807 2739 2870 sed
2772 2805 2947 2870 hunc
2986 2807 3207 2872 cedere
3244 2819 3313 2866 20

643 2917 876 3002 ‚vapori
919 2915 1294 3002 sulphure0‚
1341 2917 1512 2982 unde
1559 2937 1710 2982 aves
1759 2917 1826 2980 in
1865 2917 1997 2980 illis
2032 2917 2195 2982 10616
2238 2916 2529 2980 desertae
2570 2917 2747 2998 ae're,
2790 2935 2917 2998 quo
2958 2915 3209 2998 portari
3282 2915 3291 2922 ’

645 3025 890 3110 solent,
947 3021 1296 3090 concidunt
1351 3045 1486 3088 non
1539 3023 1764 3104 odore,
1825 3025 1934 3088 sed
1996 3025 2301 3108 pondere:
2372 3021 2539 3106 quod
2598 3023 2813 3106 potest
2872 3041 3009 3084 esse
3064 3021 3209 3086 veri

645 3131 888 3216 simile,
933 3129 1086 3214 quia
1137 3129 1332 3194 altius
1371 3131 1438 3194 in
1479 3129 1702 3196 eodem
1749 3131 1892 3196 loco
1929 3115 2205 3214 possunt
2242 3127 2491 3212 volare,
2532 3133 2611 3192 ut
2648 3127 2869 3212 <2Ο2>
2910 3127 3209 3192 tollunt

645 3259 722 3302 se
771 3237 1066 3302 celeres
1115 3237 1644 3322 liquidumque
1687 3259 1818 3320 per
1869 3241 2045 3302 aera
2092 3239 2377 3320 lapsae.
2942 3241 2945 3244 ’

819 3345 972 3410 241.
1045 3361 1142 3408 AD
1189 3361 1516 3412 CONVEXA
1559 3343 1722 3408 caeli
1769 3327 2197 3408 curvitatem·
3244 3353 3311 3400 25

821 3451 972 3516 244.
1045 3469 1388 3518 INVERGIT
1413 3469 1582 3516 VINA
1613 3467 1969 3516 SAGERnos
2008 3451 2079 3516 in
2118 3451 2349 3538 quarto
2388 3449 2487 3514 ait
2512 3447 2683 3532 <61>
2716 3447 2965 3514 media
2998 3447 3209 3514 inter

645 3579 928 3622 cornua
981 3547 1262 3624 fundit.
1353 3561 1416 3622 et
1473 3559 1740 3622 fundere
1793 3561 1896 3622 est
1954 3559 2187 3640 supina
2244 3579 2437 3622 manu
2496 3557 2727 3642 libare,
2788 3555 2961 3640 quod
3014 3557 3093 3620 fit
3136 3555 3207 3620 in

645 3663 844 3728 sacris
881 3665 1236 3748 ,supernis3
1299 3685 1564 3748 vergere
1631 3667 1852 3728 autern
1909 3667 2011 3728 est
2068 3685 2381 3728 conversa
2440 3661 2513 3726 in
2566 3661 2895 3728 sinistram
2952 3665 3205 3748 partem
3282 3659 3287 3664 ’

645 3791 842 3836 manu
889 3771 984 3834 ita
1027 3769 1320 3856 fundere,
1367 3775 1438 3836 ut
1485 3771 1712 3854 patera
1751 3773 2191 3856 convertatur,
2242 3771 2419 3852 quod‘
2446 3769 2519 3834 in
2554 3769 2823 3850 infernis
2866 3769 3063 3834 sacris
3112 3769 3203 3832 fit.

791 4003 854 4052 12
891 3999 1154 4068 lapillosa
1177 4041 1188 4054 .
1211 4043 1224 4054 .
1251 4043 1262 4054 .
1293 3997 1476 4052 dictus
1515 3997 1626 4066 est]
1665 3997 1738 4052 cf.
1775 3993 1912 4052 Don.
1954 3997 2029 4052 ad
2064 3999 2187 4054 Ter.
2230 3997 2399 4052 Andr.
2438 3997 2493 4052 V
2526 4005 2581 4066 4,
2620 4005 2683 4054 37
2734 4003 2751 4070 ΙΙ
2798 4003 2867 4052 18
2900 3995 3199 4068 plurimus]

645 4087 834 4142 georg.
875 4069 954 4124 ΙΙΙ
995 4075 1094 4124 147
1137 4071 1156 4140 ΙΙ
1205 4077 1268 4124 19
1305 4069 1654 4138 Lucretium]
1695 4069 1766 4122 cf.
1801 4067 1830 4120 Ι
1869 4075 1971 4124 265
1996 4087 2133 4138 sqq.,
2170 4069 2251 4124 VI
2288 4075 2391 4124 738
2414 4087 2533 4138 sqq.

867 4201 1066 4208 -——--—---ffi

787 4291 816 4340 2
859 4285 992 4354 quia
1025 4285 1268 4340 bellator
1303 4285 1362 4338 et
1397 4285 1564 4338 remis
1603 4283 1788 4336 fuerat
1823 4285 1888 4336 F
1907 4287 1924 4354 Ι]
1966 4291 2001 4340 3
2036 4301 2329 4354 possumus
2370 4285 2431 4338 F
2454 4287 2473 4356 ΙΙ
2508 4289 2541 4338 4
2578 4285 2795 4354 tubam]
2838 4285 2945 4338 hoc
2984 4303 3049 4340 ex
3088 4285 3205 4338 Ho-

641 4373 796 4412 mero
845 4357 1098 4410 imitatus
1149 4357 1238 4410 est
1281 4355 1552 4426 Virgilius
1603 4353 1662 4408 in
1707 4355 2009 4422 Elpenoris
2058 4357 2347 4426 sepultura
2398 4357 2521 4426 (od.
2560 4357 2663 4410 XII
2708 4357 2791 4426 13)
2846 4351 3025 4426 αὐτὰρ
3078 4351 3205 4410 ἐπεὶ

641 4423 840 4498 νεκρός
879 4447 936 4482 τε
977 4425 1090 4496 κάη
1131 4427 1224 4482 καὶ
1263 4423 1468 4498 τεύχεα
1515 4425 1750 4494 νεκροῦ,
1797 4427 2017 4502 τύμβον
2068 4423 2341 4498 χεύαντες
2384 4429 2485 4484 καὶ
2522 4423 2619 4484 ἐπὶ
2652 4425 2857 4498 στήλην
2896 4423 3205 4498 ἐρύσαντες

643 4499 902 4568 πήξαμεν
939 4495 1234 4570 ἀκροτάτῳ
1271 4495 1464 4572 τύμβῳ
1507 4497 1704 4566 ἐυῆρες
1745 4491 1983 4570 ἐρετμόν
2020 4501 2147 4556 add.
2176 4501 2239 4554 D
2266 4501 2281 4570 ΙΙ
2312 4503 2575 4556 10361101
2618 4501 2691 4554 ad
2728 4519 2773 4554 v.
2810 4507 2915 4552 237
2956 4517 3053 4554 om.
3100 4499 3147 4554 G
3184 4499 3203 4570 Η

645 4579 708 4624 12
749 4573 954 4626 scholia
993 4571 1064 4626 ad
1101 4589 1150 4626 v.
1187 4575 1290 4626 238
1305 4603 1374 4610 ---
1387 4577 1490 4626 276
1527 4587 1628 4626 om.
1667 4567 1722 4620 G
1773 4569 1790 4636 ΙΙ
1851 4577 1916 4624 14
1954 4573 2137 4626 dictus
2188 4573 2297 4642 est]
2346 4573 2495 4628 unde
2530 4569 2827 4626 Terentius
2866 4571 3111 4638 (Phorm.
3148 4573 3201 4624 V

643 4647 694 4710 8,
735 4645 822 4708 61)
867 4641 1054 4696 ‘inieci
1093 4643 1436 4710 scrupulum'
1483 4643 1608 4696 add.
1647 4637 1706 4690 D
1741 4639 1760 4708 ΙΙ
1801 4657 1938 4696 LAcv
1980 4685 1993 4696 .
2022 4687 2033 4698 .
2064 4685 2077 4700 .
2118 4641 2407 4698 vicinitate
2432 4661 2543 4698 om.
2590 4641 2647 4696 F
2688 4645 2707 4712 ΙΙ
2756 4645 2821 4694 15
2860 4641 2993 4698 hinc
3026 4643 3203 4714 igitur

641 4713 754 4768 AS
789 4713 942 4780 (hinc
983 4711 1226 4780 cingitur
1263 4729 1298 4766 a
1353 4711 1484 4768 hinc
1521 4711 1728 4780 cigitur
1761 4711 1806 4776 s)
1839 4713 1856 4782 ΙΙ
1887 4719 1950 4768 16
1994 4715 2133 4768 dicit
2166 4717 2359 4768 autem
2398 4755 2409 4768 .
2440 4755 2453 4770 .
2488 4757 2499 4768 .
2536 4713 2705 4766 iudex
2744 4711 2921 4768 tristis
2964 4717 3021 4768 et
3054 4715 3201 4768 inte-

641 4801 746 4852 ger-
779 4785 846 4852 (v.
879 4785 1006 4852 275)
1041 4799 1146 4840 om.
1175 4783 1238 4838 F
1259 4787 1278 4854 ΙΙ
1313 4783 1524 4840 deliola
1547 4783 1620 4838 R.
1659 4781 1730 4846 cf.
1767 4779 1944 4838 Varro
1976 4787 2025 4840 d.
2056 4789 2093 4842 l.
2124 4789 2155 4840 l.
2196 4787 2249 4840 V
2278 4789 2379 4840 157
2418 4783 2577 4840 Plac.
2608 4785 2765 4856 91083.
2782 4801 2849 4852 p.
2880 4791 2947 4840 32
2978 4787 3197 4840 Deuerl.

639 4851 658 4924 ΙΙ
703 4855 932 4924 vocant]
985 4855 1134 4924 apud
1173 4855 1376 4910 Cumas
1421 4859 1548 4912 add.
1587 4855 1648 4906 D
1689 4853 1708 4920 ss
1759 4855 1822 4904 18
1863 4855 2029 4912 asillo
2064 4859 2137 4912 H
2182 4855 2337 4926 asylo
2376 4855 2489 4910 RS
2524 4857 2541 4925 ΙΙ
2588 4855 2725 4912 licet
2760 4857 2927 4912 etiam
2970 4857 3089 4912 illic
3124 4857 3199 4910 sit

643 4925 696 4978 R
725 4929 744 4996 ΙΙ
787 4933 850 4980 19
891 4927 1032 4980 alios
1067 4927 1286 4992 aliquos
1325 4927 1404 4980 M
1423 4929 1440 4996 ΙΙ
1487 4935 1552 4982 20
1591 4925 1650 4978 et
1683 4939 1786 4976 om.
1823 4925 1890 4978 ,Η
1911 4927 1930 4996 Ι]
1972 4929 2211 4984 sustinet
2238 4969 2281 4984 ..
2308 4969 2319 4982 .
2348 4927 2495 4980 unde
2530 4945 2661 4982 aves
2700 4945 2797 4984 om.
2840 4929 2905 4984 H
2936 4931 2955 5000 ΙΙ
3000 4935 3067 4984 21
3108 4929 3199 4984 de·

643 5001 788 5050 serto
825 5013 950 5050 aere
991 5015 1028 5050 a
1081 4997 1302 5052 deserto
1343 5015 1434 5052 ere
1473 4999 1542 5052 H
1559 4997 1578 5067 ΙΙ
1625 4997 1690 5048 25
1731 5011 1796 5044 Am
1833 4995 1878 5048 S
1911 4999 1928 5066 ΙΙ
1976 5005 2039 5052 27
2080 5003 2139 5052 et
2172 4997 2431 5068 fundere]
2474 4997 2749 5056 effundere
2786 5001 2897 5056 AS
2922 5005 2941 5072 ΙΙ
2980 5001 3199 5068 supima

555 5113 562 5116 .
641 5065 722 5116 vel
763 5067 984 5134 supinia
1017 5067 1086 5122 H
1109 5069 1128 5138 ΙΙ
1163 5069 1310 5136 quod
1349 5069 1422 5124 sit
1459 5069 1506 5124 S
1539 5067 1626 5138 (fit
1659 5079 1804 5118 man.
1845 5071 1969 5138 see.)
1998 5071 2015 5140 ΙΙ
2050 5075 2123 5126 28
2158 5069 2413 5124 conuersi
2448 5071 2519 5126 H
2536 5072 2559 5142 ΙΙ
2596 5077 2661 5128 29
2702 5073 2785 5142 fit]
2832 5073 2905 5128 sit
2942 5071 3065 5128 SH
