3900 5784
725 639 818 704 34
1877 639 2121 692 SERVII

727 803 1218 888 Aegyptiorum.
1311 797 1418 860 hic
1471 795 1630 862 dicit
1687 795 1852 878 cirea
1897 799 2195 884 Syenen,
2252 801 2603 862 extremam
2660 799 2941 888 Aegypti
2998 809 3269 888 partem,

727 929 866 974 esse
925 907 1162 992 locum,
1217 923 1408 988 quem
1451 901 1702 988 Philas,
1759 905 1882 970 hoc
1939 911 2039 970 est
2090 905 2363 988 amium,
2416 907 2651 968 vocant
2708 909 2855 974 ideo
2912 911 3081 992 quod
3138 911 3273 976 illic

727 1019 828 1082 est
889 1013 1154 1100 placata
1217 1013 1302 1076 ab
1357 1009 1702 1096 Aegyptiis
1769 1011 1894 1076 Isis
1905 1065 1922 1098 7
1986 1013 2247 1100 quibus·
2286 1013 2681 1076 irascebatur
2748 1017 2919 1102 quod
2984 1019 3275 1082 membra

725 1121 950 1186 mariti
985 1121 1258 1186 Osiridis
1303 1141 1432 1186 non
1475 1121 1876 1204 inveniebat,
1925 1143 2115 1204 quem
2154 1121 2351 1184 frater
2390 1119 2667 1202 Typhon
2704 1123 3041 1188 occiderat.
3108 1145 3273 1208 quae

657 1243 690 1292 5
727 1229 992 1292 inventa
1027 1225 1256 1312 postea
1295 1249 1438 1292 eum
1477 1227 1752 1310 sepelire
1791 1229 2009 1314 vellet,
2054 1229 2255 1314 elegit
2298 1227 2541 1292 vicinae
2576 1227 2833 1308 paludis
2876 1229 3271 1302 tutissimum

723 1337 964 1416 locum,
1033 1355 1226 1418 quam
1281 1333 1562 1400 transitu
1621 1337 1876 1400 constat
1931 1355 2071 1400 esse
2132 1333 2487 1416 difficilen13
2546 1331 2781 1398 limosa
2834 1337 3009 1400 enim
3062 1341 3161 1400 est
3208 1341 3275 1400 et

721 1441 986 1526 papyris
1033 1441 1274 1506 referta
1317 1447 1376 1506 et
1417 1441 1568 1508 alta.
1659 1443 1826 1508 ultra
1873 1441 2043 1506 hane
2088 1445 2189 1506 est
2236 1439 2445 1504 brevis
2494 1439 2729 1524 insula,
2784 1441 3111 1508 inaccessa
3152 1443 3269 1508 ho-

721 1549 1038 1634 minibus,
1079 1549 1246 1614 unde
1293 1547 1544 1614 Abatos
1589 1549 1918 1632 appellata
1964 1553 2087 1614 est:
2138 1547 2431 1612 Lucanus
2480 1545 2581 1630 <X
2626 1547 2801 1632 323>
2846 1547 3025 1612 hine
3070 1549 3271 1614 Aba·

721 1659 870 1742 tos,
919 1679 1140 1742 quam
1183 1659 1450 1722 nostra
1497 1661 1722 1722 vocat
1771 1657 2203 1722 veneranda
2252 1659 2621 1722 vetustas.
2690 1655 2851 1720 haee
2888 1657 3071 1742 palus
3112 1655 3271 1742 Styx

619 1779 688 1826 10
721 1769 1020 1848 vocatur,
1075 1763 1246 1848 quod
1299 1763 1636 1828 tristitiam
1681 1763 2169 1828 transeuntibus
2216 1763 2447 1850 gignit.
2540 1785 2695 1826 sane
2746 1763 2823 1828 ad
2870 1763 3047 1826 illam
3098 1763 3271 1828 insu-

619 2311 684 2360 15

617 2847 684 2894 20

721 1869 850 1934 lam
901 1871 982 1934 ab
1031 1871 1130 1934 his
1177 1871 1288 1952 qui
1333 1871 1536 1934 sacris
1581 1869 1792 1934 inbuti
1841 1873 2019 1952 sunt,
2072 1871 2269 1934 certis
2324 1871 2643 1934 transitur
2698 1871 2939 1934 diebus
3030 1871 3273 1934 lectum

721 1981 822 2042 est
869 1975 1066 2040 etiam
1113 1977 1284 2060 quod
1327 1975 1528 2042 vieini
1569 1975 1794 2060 populi
1837 1975 2153 2042 cadavera
2200 1997 2461 2042 suorum
2510 1975 2591 2040 ad
2638 1979 2905 2042 alteram
2942 1977 3273 2060 regionem

719 2083 1156 2168 transferunt3
1211 2083 1322 2148 sed
1381 2083 1434 2148 si
1495 2083 1640 2168 quis
1691 2083 1864 2148 forte
1917 2083 1989 2146 in
2040 2081 2239 2148 fluvio
2294 2089 2519 2168 pereat
2560 2105 2681 2148 nec
2732 2083 2867 2148 eius
2910 2083 3277 2148 inveniatur

721 2189 1014 2274 cadaver,
1049 2193 1198 2274 post
1237 2193 1498 2254 centum
1539 2189 1596 2252 ei
1637 2211 1836 2254 annos
1877 2189 2111 2254 ultima
2146 2191 2617 2272 persolvuntur.
2676 2191 2831 2254 hine
2868 2193 2969 2254 est
2994 2193 3275 2254 tractum

723 2297 942 2380 (329)
985 2301 1288 2360 eentum
1335 2299 1602 2360 errant
1649 2319 1888 2360 annos
1923 2297 2417 2380 volitantque
2466 2297 2651 2362 haec
2696 2299 2941 2362 litora
2982 2299 3279 2362 circum.

847 2423 940 2468 ΕΤ
987 2421 1224 2468 REGNA
1273 2419 1472 2468 INVIA
1519 2425 1680 2488 quae
1729 2405 1955 2468 contra
2000 2405 2303 2468 naturam
2350 2403 2515 2468 fiunt
2558 2401 2693 2468 non
2744 2403 3047 2468 adserunt
3094 2427 3277 2488 prae—

721 2511 1030 2576 iudicium
1073 2509 1516 2596 generalitati:
1559 2509 1726 2574 unde
1775 2509 1870 2574 ait
1915 2507 2123 2574 ‘invia
2166 2507 2419 2594 regna',
2464 2509 2619 2574 lieet
2664 2513 2735 2574 et
2778 2509 3093 2574 Hercules
3138 2513 3277 2576 alii—

723 2639 846 2702 que
897 2617 1278 2684 transierint
1331 2621 1398 2680 et
1451 2617 1540 2682 sit
1591 2617 1985 2682 transiturus
2034 2617 2305 2682 Aeneas,
2398 2617 2493 2682 sie
2546 2615 2793 2680 dictum
2846 2621 2951 2684 'est
3008 2621 3077 2680 et
3120 2618 3281 2682 illud

721 2723 940 2808 <425>
989 2723 1400 2808 evaditque
1447 2723 1654 2788 celer
1699 2723 1942 2808 ripam
1994 2723 2529 2806 inremeabilis
2576 2723 2845 2788 undae.

905 2831 1050 2896 156.
1125 2849 1402 2896 MAESTO
1439 2849 1678 2896 VVLTV
1725 2835 1991 2916 propter
2034 2835 2311 2896 mortem
2364 2831 2551 2894 amici
2602 2835 2667 2896 et
2710 2833 2875 2894 rami
2916 2831 3283 2918 inquisitio·-
3398 2899 3401 2902 ,

719 2961 888 3004 nem.
1079 2957 1386 3004 DEFIXVS
1431 2957 1702 3002 LVMINA
1753 2939 1961 3004 defixa.
2006 2939 2255 3004 lumina
2300 2939 2575 3022 habenS,
2632 2959 2753 3022 per
2796 2939 2967 3022 quod
3012 2939 3287 3004 tristitia

721 3045 962 3110 mentis
1015 3047 1398 3112 ostenditur.

905 3151 1048 3218 157.
1123 3169 1552 3218 INGREDITVR
1603 3175 1718 3238 pro
1759 3153 2077 3238 graditur:
2126 3155 2315 3218 vacat
2352 3151 2777 3236 praepositam,
2826 3155 2899 3216 ut
2936 3151 3075 3236 <IV
3116 3153 3283 3236 177>

651 3287 656 3292 ·
721 3259 1316 3344 ingrediturque
1367 3259 1530 3324 solo
1583 3263 1658 3324 et
1705 3263 1932 3344 eaput
1980 3261 2185 3326 inter
2232 3259 2503 3326 nubila
2548 3259 2837 3326 condit.

619 3381 686 3430 25

907 3365 1054 3432 159.
1129 3383 1422 3434 PARIBVS
1495 3383 1692 3432 cvms
1759 3385 2089 3434 vEs'rleuA
2150 3383 2345 3434 FIGIT
2410 3369 2523 3432 aut
2590 3367 2787 3432 simili
2856 3365 3283 3432 sollicitudine

725 3473 1026 3538 detentus
1071 3473 1338 3540 incedit:
1397 3475 1516 3538 aut
1561 3473 1742 3558 ‘figit
1783 3473 2115 3560 vestigia'‚
2160 3475 2229 3538 id
2276 3479 2375 3540 est
2420 3479 2555 3540 stat
2602 3475 2819 3540 subito
2828 3525 2849 3560 ,
2892 3473 3065 3560 quod
3110 3475 3283 3560 cogi-

723 3585 940 3646 tantes
991 3581 1200 3646 facere
1249 3585 1656 3646 consuerunt.

869 3887 896 3934 1
937 3879 1144 3936 dicitur
1179 3881 1252 3936 H
1267 3883 1288 3950 ΙΙ
1315 3879 1528 3950 sygnen
1565 3879 1622 3934 R
1675 3897 1920 3950 syaenen
1956 3881 2017 3938 F
2068 3881 2261 3938 sienen
2288 3881 2399 3938 AS
2452 3883 2601 3940 sien&
2638 3883 2713 3938 Η
2760 3887 2927 3954 syene
2960 3883 3035 3938 M
3058 3883 3077 3952 ΙΙ
3104 3885 3281 3938 extre-

723 3971 874 4010 mam
911 3951 1158 4022 Aegypti
1195 3955 1414 4022 partem
1453 3969 1552 4006 σπι.
1597 3953 1670 4006 Μ
1711 3955 1732 4022 ΙΙ
1775 3957 2027 4008 extrema.
2062 3955 2127 4008 H
2168 3955 2189 4022 ΙΙ
2242 3959 2273 4008 2
2312 3955 2435 4010 filas
2474 3955 2615 4010 ΒΜ
2660 3953 2807 4010 filias
2844 3953 3045 4008 FAH
3082 3956 3101 4022 ΙΙ
3152 3955 3285 4008 ideo

725 4025 860 4094 quia
895 4025 940 4078 S
975 4025 994 4094 ΙΙ
1037 4029 1072 4076 4
1111 4025 1342 4080 usiridis.
1369 4025 1438 4078 H
1467 4025 1488 4094 ss
1529 4031 1562 4076 6
1603 4041 1766 4094 quam
1801 4025 2045 4080 transitu
2082 4025 2149 4080 H
2152 4047 2165 4078 ε
2208 4043 2375 4094 quam
2408 4027 2713 4082 transitum
2746 4025 2803 4080 R
2854 4043 3025 4094 quam
3062 4043 3097 4080 a
3132 4027 3287 4080 tran·-

725 4099 840 4152 situ
873 4097 986 4150 AS
1039 4113 1210 4162 quem
1245 4095 1490 4164 transitu
1525 4095 1590 4148 F
1637 4113 1802 4164 quem
1841 4097 1912 4152 ad
1949 4097 2247 4152 transitum
2278 4097 2357 4150 M
2374 4100 2393 4165 ΙΙ
2424 4099 2533 4168 est]
2572 4099 2773 4168 paulus
2814 4099 2943 4152 add.
2972 4097 3047 4148 Μ
3068 4099 3089 4166 11
3116 4103 3147 4150 7
3186 4115 3285 4166 pa-

727 4167 868 4238 piris
903 4165 970 4220 F
987 4167 1008 4234 ΙΙ
1047 4171 1084 4218 8
1119 4169 1360 4220 abathos
1395 4167 1470 4220 M
1495 4168 1514 4234 ΙΙ
1551 4167 1752 4220 abatus
1789 4167 1920 4230 FA,⁴
1970 4169 2209 4222 abathus
2246 4169 2325 4220 M
2346 4171 2363 4238 ΙΙ
2400 4175 2433 4220 9
2468 4171 2759 4224 uentustas
2798 4169 2865 4220 H
2882 4169 2903 4236 ΙΙ
2938 4167 3137 4236 paulus
3176 4167 3233 4220 R
3266 4165 3287 4238 Η

727 4243 790 4292 12
831 4235 1030 4304 vicini]
1079 4237 1252 4290 uicini
1297 4237 1426 4290 hinc
1467 4235 1528 4288 F
1579 4235 1806 4290 uicinici
1843 4239 1912 4290 H
1952 4241 1969 4308 [Ι
2022 4239 2097 4290 ad
2140 4235 2379 4290 alteram
2424 4239 2713 4306 regionem
2748 4237 2971 4292 Servius
3004 4253 3105 4290 suo
3138 4253 3287 4292 more

721 4325 826 4376 pro
865 4307 956 4362 ‘in
991 4307 1160 4360 aliam
1195 4307 1506 4376 regionem&
1547 4309 1566 4376 ΙΙ
1609 4313 1674 4358 13
1713 4307 2017 4362 transferat
2054 4307 2115 4360 F
2144 4309 2163 4376 ΙΙ
2204 4307 2327 4376 quis
2360 4307 2567 4364 RMa:
2606 4309 2705 4376 qui
2740 4307 2999 4362 FASH
3024 4309 3045 4376 ΙΙ
3080 4307 3191 4364 fluo
3228 4309 3285 4360 A

727 4379 918 4448 (fluuio
959 4381 1014 4448 α)
1049 4379 1072 4448 ΙΙ
1117 4385 1182 4432 14
1221 4381 1270 4432 ei
1309 4395 1408 4434 om.
1429 4377 1500 4430 H
1519 4377 1536 4449 ΙΙ
1565 4377 1766 4432 ultima
1805 4395 1979 4434 annos
2014 4379 2073 4434 R
2100 4381 2117 4450 ΙΙ
2144 4379 2345 4434 ultima
2378 4395 2479 4434 om.
2502 4379 2567 4432 F
2588 4383 2605 4450 ΙΙ
2630 4379 3049 4452 persolvuntur]
3086 4397 3285 4448 paren-

723 4451 880 4506 tatur
907 4451 980 4506 F.
1033 4451 1432 4518 persoluuntur
1461 4449 1646 4502 officia
1673 4449 1870 4504 ASM
1891 4451 1912 4520 ΙΙ
1945 4457 2009 4506 15
2046 4451 2211 4506 erant
2236 4449 2437 4502 FAH
2466 4453 2679 4520 (errant
2706 4455 2759 4520 α)
2788 4453 2807 4522 ΙΙ
2834 4469 3007 4508 annos
3048 4469 3145 4506 om.
3178 4451 3245 4504 H
3280 4451 3287 4520 1

727 4523 922 4577 littora
961 4521 1094 4574 RH
1113 4525 1132 4592 ΙΙ
1161 4529 1228 4576 16
1265 4525 1326 4576 et
1359 4535 1536 4590 regna
1571 4519 1728 4574 inuia
1763 4521 1914 4590 quod
1954 4523 2093 4576 dicit
2126 4539 2271 4592 quae
2310 4539 2351 4576 e.
2376 4537 2421 4576 s,
2452 4539 2495 4592 q.
2528 4523 2591 4574 F
2610 4523 2629 4592 ΙΙ
2662 4529 2729 4576 17
2764 4523 2945 4596 invia]
2980 4521 3155 4576 inuna
3186 4523 3239 4576 R
3280 4523 3287 4596 Ι

695 4605 712 4618 ²
725 4609 900 4664 regna
929 4611 1028 4648 om.
1053 4593 1198 4648 FM
1219 4595 1240 4660 ΙΙ
1267 4595 1326 4646 et
1359 4589 1614 4646 hercules
1641 4589 1854 4660 aliique
1879 4593 2099 4648 ASM:
2138 4593 2391 4648 hercules
2420 4593 2629 4664 aliique
2658 4593 2797 4648 RH
2844 4597 2901 4648 et
2936 4595 3191 4648 hercules
3228 4595 3289 4646 et

727 4665 826 4718 alii
863 4663 926 4718 F
947 4667 968 4736 ss
1003 4669 1072 4718 18
1111 4667 1168 4720 et
1207 4663 1286 4718 sio
1325 4665 1398 4718 sit
1435 4661 1498 4716 F
1529 4663 1550 4732 ΙΙ
1587 4661 1666 4716 sio
1705 4705 1718 4718 .
1845 4663 2009 4736 illud]
2052 4669 2111 4722 et
2144 4667 2253 4720 hoc
2292 4665 2369 4718 sie
2408 4663 2621 4720 dictum
2660 4667 2747 4722 est
2784 4669 2849 4720 ut
2880 4665 3023 4718 illud
3064 4665 3123 4716 F
3152 4667 3173 4734 u
3214 4667 3285 4716 20

2658 4769 2681 4796 1

727 4809 886 4864 schol.
927 4807 1002 4862 ad
1035 4825 1238 4862 MAEs‘ro
1273 4829 1326 4864 v.
1363 4825 1464 4864 om.
1503 4805 1568 4860 F
1597 4807 1614 4876 11
1651 4805 2013 4874 inquisitione
2052 4811 2107 4864 A
2146 4811 2305 4876 (corr.
2344 4807 2399 4876 α)
2456 4805 2777 4876 inquistone
2816 4805 2861 4862 S
2912 4803 3287 4870 inqui-ionem

727 4881 796 4934 H
817 4883 834 4952 [Ι
859 4885 928 4934 21
967 4897 1196 4934 nurixvs
1231 4897 1432 4934 mmmm
1467 4895 1568 4934 om.
1605 4877 1718 4932 AS
1725 4877 1794 4930 H
1807 4882 1832 4949 ΙΙ
1857 4899 2075 4936 nmuxrr
2110 4881 2169 4934 R
2220 4897 2449 4934 Dnmxvs
2486 4883 2677 4934 autem
2714 4879 2791 4932 M
2810 4881 2827 4948 ΙῙ
2852 4877 3035 4930 defixa
3070 4877 3287 4932 lumina

727 4967 828 5008 om.
867 4951 958 5018 M,
993 4951 1060 5006 in
1093 4967 1262 5022 maa-9.
1303 4953 1580 5022 supplevit
1609 4967 1666 5004 m
1701 4951 1720 5018 ΙΙ
1751 4949 1973 5006 lumina
2006 4971 2107 5010 om.
2146 4953 2205 5006 R
2238 4953 2257 5020 ΙΙ
2304 4955 2369 5006 23
2408 4951 2663 5020 greditur
2762 4949 2835 5004 H
2870 4949 2891 5016 ΙΙ
2936 4953 3005 5000 24
3044 4949 3161 5004 solo
3200 4949 3285 5018 et]

727 5023 872 5078 solet
897 5023 952 5078 G
977 5023 996 5090 11
1023 5023 1210 5090 capud
1235 5021 1298 5076 F
1319 5027 1340 5094 11
1365 5029 1434 5078 25
1461 5023 1620 5078 schol.
1651 5021 1726 5076 ad
1749 5037 1800 5078 v.
1833 5027 1936 5078 159
1964 5041 2067 5084 om.
2096 5023 2147 5078 G
2174 5027 2195 5096 u
2222 5029 2289 5078 26
2320 5021 2603 5096 detentus]
2642 5021 2679 5076 d
2748 5021 2907 5076 entes
2936 5019 3001 5072 H
3022 5021 3041 5090 [Ι
3070 5019 3283 5090 subito]

727 5111 796 5150 ex
831 5093 1120 5166 inprouiso
1161 5095 1236 5148 M
1267 5095 1286 5162 ΙΙ
1333 5095 1660 5164 cogerantes
1701 5093 1760 5148 F
