3900 5784
687 619 820 684 134
1839 621 2083 680 SERVII

687 785 782 848 sic
831 801 1004 848 nune
1055 781 1340 866 panicias
1401 803 1684 870 mensas,
1749 785 1812 848 id
1871 787 1969 850 est
2028 785 2363 866 epula-rum
2422 785 2961 870 sustentaculum,
3028 783 3239 848 solum

685 889 960 954 vocavit.

873 995 1014 1062 112.
1085 1013 1320 1062 FORTE
1367 1017 1548 1066 ALIIS
1595 999 1890 1066 abundat
1933 995 2185 1064 eforte'.

873 1101 1014 1170 115.
1087 1121 1380 1172 FATALIS
1437 1123 1682 1172 ORVSTI
1743 1103 1822 1166 ad
1885 1101 2219 1188 negotium
2276 1103 2559 1188 respexit
2616 1103 2899 1188 Aeneae,
2964 1103 3067 1168 cui
3132 1103 3243 1168 hic

619 1223 652 1272 5
689 1215 828 1276 erat
863 1209 1012 1276 finis
1049 1209 1364 1278 laborum.
1439 1209 1792 1278 ‘crustum’
1829 1215 2047 1278 autem
2086 1215 2155 1274 et
2184 1203 2489 1276 ‘crusta'.
2550 1211 2935 1274 neutraliter
2972 1208 3241 1274 dicimus

691 1317 768 1380 de
813 1317 918 1382 his
963 1337 1128 1400 quae
1173 1319 1422 1384 comedi
1467 1319 1768 1402 possuntt
1823 1317 2141 1382 Horatius
2186 1319 2271 1380 ut
2312 1317 2573 1398 pueris
2626 1317 2805 1380 olim
2854 1317 3035 1380 dant
3078 1339 3241 1382 cru-

691 1425 900 1489 stula
943 1423 1212 1488 blandi
1269 1425 1650 1512 doctores,
1699 1423 2027 1490 Iuvenalis
2070 1423 2209 1506 <IX
2258 1421 2341 1506 5>
2390 1445 2529 1488 nos
2576 1423 2983 1506 colaphum
3028 1423 3241 1488 incu-

689 1529 928 1596 timus
981 1529 1362 1596 lambenti
1421 1533 1768 1598 crustula
1821 1553 2059 1598 servo,
2154 1529 2467 1596 feminino
2526 1535 2743 1594 autem
2788 1551 3025 1614 genere
3068 1529 3243 1614 frag-

689 1641 912 1704 menta
981 1637 1284 1722 dicimus,
1355 1661 1524 1724 quae
1595 1661 1884 1708 comesse
1952 1661 2083 1704 non
2160 1659 2499 1724 possumus
2512 1689 2529 1722 ,
2602 1641 2675 1700 ut
2740 1641 3245 1702 concrescunt

587 1757 656 1806 10
693 1747 1002 1812 subitae
1051 1747 1398 1810 currenti
1451 1745 1530 1810 in
1581 1747 1908 1814 flumine
1949 1741 2279 1812 crustae.
2362 1755 2371 1764 ’
2458 1761 2765 1822 QVADRIS
2812 1749 2925 1808 aut
2970 1743 3243 1806 mensis:

693 1857 760 1918 et
815 1857 918 1918 est
969 1853 1446 1934 antonomasia,
1509 1877 1662 1920 nam
1717 1875 1914 1936 supra
1960 1851 2249 1918 ‘orbem'
2296 1851 2479 1916 dixit:
2536 1855 2649 1916 aut
2694 1849 3023 1936 ‘quadris’
3068 1851 3243 1934 frag-

687 1959 924 2024 mentis
991 1957 1372 2044 accipimUS,
1435 1961 1512 2022 ut
1569 1959 1900 2026 Iuvenalis
1962 1955 2065 2040 <V
2112 1959 2193 2042 2>
2260 1943 2371 2022 ut·
2410 1959 2605 2022 bona
2668 1973 2955 2022 summa
3020 1959 3245 2040 putes

691 2067 948 2130 aliena
993 2063 1254 2130 vivere
1301 2063 1602 2148 quadra.

873 2169 1018 2234 117.
1087 2187 1462 2234 ADLVDENS
1533 2175 1644 2236 aut
1705 2177 1898 2264 vacat
1956 2167 2123 2254 ‘ad',
2188 2175 2255 2236 et
2314 2171 2647 2236 ludentem
2710 2169 3063 2256 significat:
3132 2173 3247 2232 aut

587 2289 654 2340 15
691 2281 860 2342 certe
909 2273 1288 2364 ‘adludens'
1335 2277 1418 2340 ad
1461 2277 1762 2364 responsi
1815 2277 2011 2342 fidem
2064 2279 2265 2342 verba
2320 2301 2729 2362 componens„
2902 2295 3247 2342 ⁴LABORVM

689 2401 912 2448 FINEM
963 2383 1212 2448 scilicet
1269 2383 1774 2450 maritimorum:
1831 2405 1995 2454 nam
2044 2381 2115 2446 in
2170 2391 2343 2448 terra
2390 2385 2593 2448 multa
2640 2405 2945 2468 passurus
2996 2385 3121 2468 est,
3172 2387 3249 2448 ut

693 2491 790 2554 ait
835 2491 1076 2574 sibylla
1125 2489 1266 2574 <VI
1313 2491 1440 2572 84>
1487 2493 1614 2556 sed
1665 2495 1920 2556 terrae
1964 2491 2329 2574 graviora
2376 2493 2697 2562 manent.

873 2599 1020 2662 118.
1089 2613 1510 2688 PRIMAMQVE
1559 2615 1957 2676 LOQVENTIS
2008 2615 2095 2660 AB
2146 2603 2609 2664 oRn'ERIPVIT
2662 2615 2899 2662 PATER
2950 2597 3075 2662 hoc
3132 2601 3247 2682 est,

693 2705 904 2770 adhuc
955 2705 1262 2790 loquente
1309 2703 1592 2772 Ascanio
1647 2703 1890 2790 primus
1923 2709 2107 2790 pater
2164 2703 2481 2770 intellexit
2532 2703 2799 2788 famem,
2860 2727 3053 2790 quam
3108 2705 3251 2770 fata

585 2823 656 2872 20
691 2811 1170 2892 praedixerant.

879 2917 1020 2982 119.
1093 2937 1364 2982 NVMINE
1403 2937 1686 2988 PRESSIT
1731 2919 1804 2982 id
1843 2927 1932 2988 est
1976 2919 2221 2984 oraculi
2268 2919 2395 2982 fide
2440 2919 2525 2984 ab
2560 2917 2811 2984 Heleno
2860 2923 2925 2982 et
2960 2917 3253 2984 Anchisa

693 3023 1026 3106 praedicti.
1101 3025 1400 3110 ‘pressit'
1449 3029 1664 3094 autem
1709 3047 1936 3090 vocem
1980 3023 2279 3108 Ascanii,
2332 3047 2457 3108 quo
2518 3031 2741 3110 posset
2794 3027 2935 3108 ipse
2984 3027 3253 3090 numina

695 3129 1044 3216 deprecari.

879 3237 1022 3302 120.
1095 3255 1302 3304 FATIS
1365 3257 1526 3304 MIHI
1585 3257 1848 3306 DEBITA
1923 3243 2093 3306 bona
2160 3239 2557 3326 periphrasis
2624 3243 2755 3318 est,
2816 3261 2899 3304 ne
2964 3237 3253 3304 efatalis’

589 3355 658 3406 25
699 3343 964 3428 diceret,
1005 3345 1178 3430 quod
1213 3350 1314 3411 est
1347 3345 1662 3414 medium:
1707 3351 1776 3410 et
1809 3347 1880 3414 in
1917 3347 2213 3432 precibus
2254 3347 2419 3412 nihil
2456 3369 2595 3412 esse
2632 3345 3005 3432 ambiguum
3042 3345 3253 3412 debet.

879 3453 1024 3516 121.
1089 3471 1134 3518 o
1165 3471 1314 3516 FIDI
1339 3453 1602 3520 Aeneae
1643 3453 1908 3540 scilicet,
1941 3475 2073 3518 non
2100 3453 2351 3536 Troiae,
2382 3477 2571 3538 quam
2602 3453 2945 3538 nequivere
2980 3459 3253 3518 Servare.

879 3543 1026 3622 122,
1087 3573 1208 3624 mo
1237 3575 1476 3624 nomvs
1519 3565 1630 3624 auf,
1665 3559 1932 3644 familia,
1966 3561 2043 3622 ut
2076 3559 2377 3642 <11185>
2416 3561 2511 3624 da
2542 3559 2933 3642 propriam
2974 3559 3253 3642 Thym-

697 3663 926 3730 braee
969 3663 1296 3730 domum:
1341 3669 1458 3730 aut
1493 3667 1650 3732 ordo
1691 3669 1818 3748 est,
1863 3667 1967 3732 hic
2008 3667 2107 3728 est
2152 3665 2389 3750 patria,
2434 3665 2541 3728 hic
2584 3665 2839 3750 domus3
2890 3669 3041 3730 ante
3078 3665 3253 3730 enim

697 3773 918 3852 patria
961 3773 1088 3854 est,
1137 3771 1228 3836 sic
1275 3771 1524 3838 domus,

843 3955 874 4002 6
913 3945 1200 4018 Horatius]
1241 3947 1342 4000 sat.
1383 3947 1410 4000 I
1449 3951 1498 4014 1,
1537 3953 1602 4002 25
1653 3951 1670 4020 ΙΙ
1713 3951 1746 4000 9
1789 3951 2177 4020 concrescunt]
2212 3963 2407 4018 georg.
2442 3949 2523 4004 III
2558 3953 2665 4002 360

1027 4049 1126 4058 *-

649 4137 652 4140 ,
699 4089 1224 4158 metamorphoseon
1265 4089 1382 4158 (73)
1431 4087 1574 4146 dixit
1633 4095 1774 4146 ‘neu
1819 4091 1975 4162 regio
2022 4093 2171 4146 foret
2210 4091 2329 4146 ulla
2378 4091 2491 4146 suis
2540 4089 2879 4146 animalibus
2924 4091 3061 4146 orba
3104 4091 3259 4146 astra

699 4163 900 4216 tenent
935 4159 1182 4234 coeleste
1217 4161 1422 4214 solum'
1461 4163 1588 4218 add.
1629 4167 1690 4218 D
1741 4161 1760 4230 ΙΙ
1821 4169 1842 4212 1
1887 4161 2133 4232 panitiae
2170 4165 2221 4216 L
2248 4163 2269 4232 ΙΙ
2304 4161 2483 4216 solum
2524 4179 2623 4216 om.
2662 4163 2727 4216 H
2758 4163 2777 4232 ΙΙ
2812 4167 2843 4216 5
2884 4161 3091 4216 laboris
3132 4163 3205 4214 M
3240 4161 3255 4232 [1

699 4233 828 4298 fort.
855 4235 1048 4286 autem
1075 4235 1164 4286 est
1191 4235 1248 4284 et
1275 4233 1292 4302 ΙΙ
1319 4233 1518 4284 neutro
1551 4235 1624 4288 M
1647 4237 1668 4304 ΙΙ
1695 4239 1726 4284 6
1765 4233 1983 4290 comedi
2020 4233 2277 4302 possunt]
2316 4231 2437 4286 esui
2472 4235 2603 4286 sunt
2632 4233 2693 4284 F
2712 4233 2731 4302 n
2764 4233 2899 4284 dant
2934 4233 3127 4284 crustu
3156 4231 3217 4284 F
3240 4233 3257 4302 Ῑξ

703 4307 732 4356 8
771 4299 988 4356 labenti
1025 4301 1080 4354 L
1105 4305 1124 4374 ΙΙ
1165 4307 1194 4354 9
1231 4301 1494 4372 dicimus]
1537 4303 1798 4360 dicuntur
1835 4303 1912 4358 Μ
1935 4305 1950 4374 ΙΙ
1988 4319 2133 4368 quae
2174 4319 2419 4356 comesse
2452 4321 2565 4356 non
2602 4303 2925 4372 possumus]
2964 4317 3109 4370 quae
3146 4319 3259 4356 non

701 4375 832 4428 sunt
867 4371 988 4428 esui
1025 4371 1220 4426 ΑΒΜ
1263 4373 1434 4438 (331113
1469 4375 1528 4440 a)
1581 4375 1600 4444 ΙΙ
1659 4375 2023 4430 concrescunt
2058 4375 2141 4440 A,
2178 4373 2269 4428 sed
2304 4373 2411 4424 unt
2440 4375 2507 4426 in
2540 4389 2653 4426 ras.
2690 4389 2757 4440 a,
2808 4371 3117 4428 concrescit
3154 4373 3193 4426 S
3240 4373 3259 4446 ΙΙ

625 4447 630 4452 “
703 4449 770 4500 10
809 4461 1110 4508 omnnem
1139 4443 1208 4498 H
1227 4443 1246 4512 ΙΙ
1281 4449 1338 4496 11
1371 4461 1446 4496 an
1473 4445 1584 4498 AS
1623 4445 1742 4516 (aut
1779 4447 1874 4514 as)
1913 4463 1946 4500 a
1972 4443 2027 4498 L
2072 4445 2197 4514 (aut
2230 4445 2273 4514 Z)
2300 4443 2317 4514 Η
2344 4443 2647 4512 quadragis
2684 4443 2753 4496 H
2772 4445 2791 4514 ΙΙ
2820 4449 2887 4500 12
2918 4443 3259 4514 accipiamus

699 4517 760 4570 F
783 4521 804 4590 ΙΙ
829 4519 984 4588 potes
1023 4515 1078 4570 R
1133 4515 1318 4586 potest
1351 4513 1482 4568 HF
1507 4517 1526 4586 ΙΙ
1569 4521 1634 4570 16
1675 4529 1932 4584 passuros
1966 4515 2023 4570 R
2050 4518 2067 4587 ΙΙ
2094 4519 2183 4572 est
2214 4533 2313 4570 om.
2344 4515 2533 4568 SRH
2552 4515 2569 4584 ΙΙ
2602 4519 2667 4570 17
2702 4515 2851 4570 terre
2890 4515 2941 4570 R
2968 4518 2989 4588 ΙΙ
3028 4521 3095 4568 20
3132 4533 3257 4584 pre-

699 4587 922 4644 dixerat
955 4587 1026 4640 H
1053 4588 1072 4658 ΙΙ
1113 4595 1180 4642 21
1217 4583 1384 4638 fidem
1423 4583 1482 4638 F
1515 4587 1534 4656 ΙΙ
1569 4587 1728 4642 eleno
1767 4585 1822 4638 A
1847 4589 1866 4658 ΙΙ
1905 4587 2131 4660 anchise
2172 4587 2231 4644 F
2264 4587 2281 4656 ΙΙ
2326 4591 2395 4638 22
2432 4587 2731 4658 praedicti]
2770 4587 3017 4656 presenti
3052 4587 3109 4638 R
3162 4587 3259 4640 uel

663 4659 1050 4728 ³praesentati
1083 4673 1344 4728 superscr.
1385 4673 1418 4710 r
1461 4657 1476 4726 ΙΙ
1537 4673 1728 4712 vocem
1767 4673 1866 4712 om.
1909 4659 1975 4714 Η
2014 4661 2033 4730 ΙΙ
2084 4657 2267 4728 possit
2302 4657 2413 4710 AS
2452 4659 2471 4728 ΙΙ
2528 4657 2671 4728 ipse]
2708 4673 2809 4712 om.
2848 4659 2937 4724 H,
2978 4673 3097 4710 esse
3136 4657 3209 4710 M
3238 4655 3259 4728 ΙΙ

701 4737 774 4784 24
809 4747 1004 4784 MEDHA
1033 4729 1088 4782 R
1125 4731 1266 4800 (MIHI
1305 4745 1500 4782 DEBITA
1527 4731 1578 4798 r)
1607 4731 1626 4800 ss
1657 4731 1806 4782 bODa
1839 4731 2151 4800 periphrasi
2188 4745 2319 4782 usus
2358 4731 2443 4782 est
2470 4727 2533 4782 F
2554 4729 2571 4798 ΙΙ
2602 4727 2767 4782 frasis
2796 4727 2839 4780 S
2878 4725 3181 4794 (perifrasis
3208 4729 3259 4796 8)

703 4801 718 4872 Η
739 4801 828 4864 325
853 4805 924 4856 -et
957 4817 1060 4856 om.
1099 4803 1164 4854 F
1193 4802 1210 4872 ΙΙ
1245 4799 1386 4854 nihil
1425 4815 1526 4854 om.
1565 4801 1636 4854 H
1665 4803 1684 4872 ΙῙ
1717 4799 2045 4878 ambiguum
2080 4819 2203 4858 esse
2242 4799 2413 4854 debet
2446 4799 2517 4854 Η
2566 4815 2687 4852 esse
2722 4797 2895 4852 debet
2928 4797 3259 4866 ambiguum

705 4927 780 4980 M
819 4929 838 4998 ΙΙ
883 4929 954 4980 26
987 4925 1240 5006 scilicet]
1271 4923 1486 5006 scilicet
1523 4929 1580 4980 et
1615 4923 1732 4982 AL
1787 4923 2153 4996 intellegatur
2188 4923 2251 4980 F
2290 4927 2307 4996 ΙΙ
2350 4883 2685 4998 1133111113τέ3
2716 4923 2779 4974 F
2818 4922 2835 4992 ΙΙ
2894 4929 2957 4976 27
2998 4939 3101 4974 mc
3142 4921 3209 4974 H
3238 4921 3259 5062 Η

701 4999 798 5070 da]
837 5015 872 5054 a
909 4995 976 5052 H
995 4995 1014 5064 ΙΙ
1053 5013 1282 5066 propna
1317 4997 1370 5052 R
1399 4999 1418 5070 fl
1443 4997 1680 5056 tlmbree
1715 4995 1920 5082 ΑΒῌ
1960 4999 2253 5068 tymbreae
2290 4995 2343 5050 L
2398 4995 2653 5064 tymbree
2674 4995 2779 5124 tM‘
2816 4995 3109 5064 tymbraee
3148 4991 3207 5076 F

705 5075 772 5124 28
813 5073 900 5126 est
925 5073 1054 5138 post
1087 5069 1224 5122 ordo
1261 5085 1362 5124 om.
1401 5067 1470 5124 H
1489 5069 1508 5140 ss
1547 5073 1632 5126 est
1665 5073 1790 5142 post
1821 5069 1920 5128 hic
1954 5087 2055 5128 om.
2094 5073 2173 5126 M
2192 5073 2211 5142 u
2248 5073 2317 5124 29
2356 5071 2441 5122 est
2466 5069 2597 5136 post
2632 5083 2683 5154 p=
2704 5067 2817 5120 tna
2854 5081 2953 5120 om.
2994 5065 3049 5118 L
3080 5065 3101 5134 ΙΙ
3150 5063 3257 5136 sic]

2652 5155 2681 5264 s

2628 5265 2653 5314 ‚l
