3900 5784
711 639 846 704 270
1869 635 2107 692 SERVII

709 803 834 866 fati
885 797 1268 864 necessitate
1323 797 1566 864 factum
1593 801 1722 864 -est
1779 801 1848 864 ut
1909 797 2187 882 venires3
2252 799 2551 864 fortunae
2608 801 2987 866 beneficium
3044 803 3119 864 ut
3170 801 3271 864 illi

711 909 936 972 ducem
979 905 1328 988 requirant.
1425 905 1698 990 legimus
1747 927 1904 990 ergo
1949 909 2017 968 et
2062 903 2307 970 ‘adfer'
2356 913 2425 970 et
2468 907 2487 936 ³
2506 907 2715 972 adfers
2728 907 2771 974 ³.

885 1013 1038 1078 478.
1107 1037 1276 1076 HAVD
1321 1039 1542 1080 moon
1583 1039 1730 1080 ΗιΝσ
1771 1017 1840 1076 ab
1883 1015 1975 1076 ire
2020 1013 2075 1074 ei
2116 1013 2305 1092 facile
2332 1015 2721 1096 persuadeat.
2860 1033 3037 1080 SAXO
3076 1031 3267 1080 com-

709 1137 848 1186 TVR
903 1137 1242 1182 FVNDATA
1299 1137 1614 1186 VETVSTO
1675 1119 1940 1202 antiquo
2000 1141 2221 1204 opere,
2288 1125 2361 1184 ut
2410 1119 2551 1206 <111
2596 1121 2725 1204 84>
2792 1123 3079 1206 templa
3148 1121 3269 1186 dei

635 1243 670 1290 5
709 1249 894 1290 saxo
941 1227 1370 1310 venerabar
1419 1231 1714 1292 structa
1761 1229 2091 1290 vetusto,

883 1335 1032 1398 479.
1105 1353 1332 1400 VRBI&
1369 1351 1776 1398 AGYLLINAE
1835 1351 2053 1398 SEDES
2118 1355 2283 1416 quae
2320 1323 2517 1398 ’nune
2572 1333 2775 1398 Caere
2834 1335 3085 1398 dieitur.

705 1457 922 1502 LYDIA
957 1455 1304 1514 QVONDAM
1339 1459 1524 1506 GENS
1569 1439 1922 1524 ‘quondam
1956 1437 2237 1518 insedit',
2284 1461 2419 1506 non
2460 1441 2811 1524 ‘quondam
2856 1443 3031 1506 bello
3076 1463 3263 1524 prae-

705 1545 944 1644 elara':
1003 1569 1162 1610 nam
1221 1549 1422 1614 etiam
1465 1553 1620 1614 tune
1667 1549 1953 1612 florebat.
2040 1569 2191 1612 sane
2242 1547 2437 1612 etiam
2482 1569 2679 1632 supra
2724 1547 2835 1634 <11
2888 1549 3055 1632 781>
3106 1549 3265 1612 dixi-

705 1675 876 1736 mUS,
931 1651 1298 1718 Maeoniam
1339 1655 1740 1740 provinciam
1791 1677 1944 1720 esse.
2020 1655 2195 1720 cuius
2246 1655 2395 1718 dum
2440 1655 2731 1720 brevitas
2788 1655 2947 1718 duos
3006 1655 3263 1740 fratreS,

603 1777 670 1826 10
705 1761 960 1844 Lydum
1019 1763 1084 1824 et
1131 1761 1570 1846 Tyrrhenum,
1627 1763 1794 1826 ferre
1847 1785 1983 1828 non
2038 1767 2287 1848 posset,
2342 1785 2419 1826 ex
2474 1763 2649 1826 sorte
2692 1761 3067 1848 Tyrrhenus
3118 1785 3263 1826 cum

703 1869 958 1952 ingenti
1005 1867 1422 1932 multitudine
1453 1869 1794 1952 profectus
1829 1875 1922 1934 est
1952 1875 2015 1934 et
2052 1875 2305 1954 partem
2342 1871 2569 1936 Italiae
2620 1869 2827 1936 tenuit
2878 1875 2941 1932 et
2980 1869 3263 1952 Tyrrhe-

699 1975 878 2040 niam
925 1975 1304 2040 nominavit.
1395 1977 1464 2038 hi
1513 1975 1620 2038 diu
1667 1977 2015 2056 piraticam
2060 1981 2507 2060 exercuerunt,
2550 1981 2627 2040 ut
2670 1977 2865 2040 etiam
2914 1973 3139 2040 Cicero
3186 1977 3259 2040 in

701 2079 1056 2144 Hortensio
1113 2079 1326 2166 docet,
1383 2103 1530 2144 eum
1583 2083 1878 2162 captivos
1925 2081 2113 2146 novis
2164 2085 2389 2164 poenis
2436 2083 2845 2168 adfligerent,
2904 2085 3259 2150 occisorum

701 2211 812 2252 eos
883 2187 1234 2270 religantes
1301 2187 1738 2252 cadaveribus.
1831 2187 2005 2270 quod
2066 2185 2401 2272 Vergilius
2464 2189 2575 2252 dat
2640 2187 2987 2272 Mezentio,
3048 2191 3259 2254 seiens
3332 2219 3335 2222 ⁴

597 2313 662 2362 15
699 2295 940 2358 lectum
1005 2315 1146 2358 esse
1209 2293 1288 2358 de
1351 2297 1548 2378 gente
1601 2293 2101 2376 Tyrrhenorum.
2196 2315 2351 2358 sane
2416 2295 2527 2358 illo
2586 2297 2881 2378 tempore
2904 2333 2909 2338 ·
2934 2295 3259 2380 Tyrrheni

699 2403 854 2466 dieti
913 2403 1088 2482 sunt,
1149 2405 1302 2484 post
1343 2399 1540 2466 Tusci
1583 2393 1714 2464 ἀπὸ
1765 2401 1886 2466 τοῦ
1929 2397 2153 2466 θύειν.
2242 2401 2411 2484 Lydi
2466 2403 2683 2466 autem
2734 2427 2773 2466 a
2816 2401 3029 2486 Lydo,
3082 2403 3259 2488 regis

699 2509 930 2592 fratre,
975 2509 1086 2592 qui
1135 2507 1200 2570 in
1247 2505 1584 2592 provincia
1631 2511 2051 2572 remanserat.
2144 2513 2197 2574 et
2244 2505 2505 2590 ‘Lydia'
2544 2509 2871 2590 provincia
2902 2509 3259 2592 positivum,

699 2613 954 2700 ‘Lydia’
993 2635 1146 2698 qens
1187 2615 1590 2680 derivativum
1623 2637 1746 2698 pro
1793 2613 2101 2698 ‘Lydioa'.
2176 2635 2323 2680 sane
2368 2615 2529 2680 hano
2572 2615 2871 2698 Ayyllam
2914 2617 3169 2696 quidam
3214 2637 3259 2680 a

697 2723 954 2806 Pelasyo
1011 2721 1320 2788 conditam
1373 2725 1606 2802 dicunt,
1675 2721 1794 2786 aziz·
1843 2745 1890 2786 a
1945 2721 2265 2802 Teleyoow,
2326 2723 2443 2786 aziz·
2504 2743 2545 2784 a
2606 2721 2917 2802 Tyrrheno
2924 2773 2941 2806 ‚
3014 2723 3259 2804 Telephi

591 2847 660 2896 20
693 2831 844 2912 filio,
941 2829 1222 2894 ‘insedit’
1285 2835 1488 2896 autem
1533 2831 1862 2894 secundum
1907 2829 2281 2894 Sallustium
2334 2833 2645 2894 montem
2692 2849 2989 2894 sacram
3040 2835 3259 2912 atque

585 3381 656 3432 25

695 2937 1152 3002 Aventinum
1193 2937 1484 3002 insedit.

873 3045 1024 3108 482.
1095 3069 1310 3110 SAEVJS
1355 3069 1574 3110 PENVH'
1613 3069 1944 3110 MEZENPJVS
1988 3069 2171 3108 Assms
2212 3045 2377 3108 unde
2418 3045 2519 3110 illa·
2560 3047 2763 3126 mayis
2802 3045 3049 3126 indiyni
3090 3045 3255 3108 iniu-

693 3155 834 3234 riis,
891 3171 1154 3234 quorum
1193 3171 1466 3234 persona
1525 3153 1794 3216 laticlavia.
1887 3155 1944 3216 et
1996 3151 2101 3216 hoc
2138 3153 2415 3234 positum
2468 3157 2579 3234 est,
2638 3159 2709 3216 ut
2762 3153 3115 3218 ostendatur
3166 3175 3255 3216 aa

691 3261 840 3324 utile
885 3259 1016 3324 illis
1059 3261 1144 3320 sit
1185 3261 1358 3340 izmgyi
1403 3259 1662 3324 Aeneae.

871 3363 1020 3428 483.
1093 3381 1266 3440 QVID
1311 3381 1664 3432 MEMOREM
1707 3381 2059 3430 INFANDAS
2122 3381 2389 3430 CAEDEs
2444 3363 2657 3448 figura
2712 3365 3025 3450 oratoria,
3088 3387 3251 3450 quae

691 3471 1044 3556 paralipsis
1089 3475 1386 3536 vocatur:
1433 3471 1658 3536 Cicero
1701 3493 1878 3534 nam
1923 3471 2067 3534 illa
2116 3471 2341 3534 nimis
2394 3469 2713 3552 antiqua
2758 3475 3175 3552 praetereo.

869 3577 1022 3642 484.
1091 3593 1368 3642 EFFERA
1415 3581 1694 3642 eruenta.
1879 3595 1955 3640 nl
2006 3595 2233 3642 CAPrri
2278 3595 2495 3642 wsws
2540 3581 2615 3640 ut
2660 3577 2769 3660 <11
2818 3579 2989 3662 190>
3048 3579 3249 3662 quod

693 3683 768 3746 di
811 3683 1028 3768 prius
1075 3707 1294 3750 omen
1335 3685 1416 3748 in
1461 3687 1712 3768 ipsum
1761 3687 2243 3750 convertant.
2326 3685 2571 3768 quando
2620 3687 2781 3750 enim
2824 3687 3105 3750 volumus
3148 3705 3247 3750 ex-

1001 3827 1120 3834 ——.

833 3901 868 3950 8
907 3911 1040 3950 sane
1077 3895 1252 3950 etiam
1287 3933 1302 3948 .
1331 3939 1346 3954 .
1383 3939 1394 3952 .
1429 3897 1768 3966 nominavit]
1805 3897 1878 3952 ef.
1915 3895 2045 3950 Isid.
2084 3913 2161 3950 or.
2192 3895 2319 3950 XIV
2350 3903 2401 3962 3,
2428 3901 2499 3950 43
2528 3895 2545 3966 ss
2578 3901 2641 3948 12
2680 3893 2875 3950 Cicero
2908 3895 2971 3950 in
3006 3897 3247 3950 Horten-

691 3969 800 4038 sio]
837 3969 1038 4038 fragm.
1069 3973 1140 4020 92
1175 3985 1230 4036 p.
1263 3973 1364 4022 987
1399 3969 1486 4024 Or.
1517 3971 1536 4038 ΙΙ
1565 3975 1632 4020 19
1661 3985 1694 4020 a
1725 3969 2013 4034 Tyrrheno
2038 3967 2275 4036 Telephi
2312 3965 2453 4038 filio]
2498 3967 2563 4022 ef,
2606 3983 2797 4022 comm.
2842 3969 2973 4020 Lue.
3012 3969 3061 4022 II
3094 3973 3195 4020 210
3230 3969 3247 4038 ΙΙ

687 4047 760 4094 20
789 4041 1090 4094 secundum
1123 4039 1476 4110 Sallustium]
1521 4041 1648 4092 hist.
1679 4039 1702 4090 Ι
1733 4045 1766 4092 9
1795 4037 2061 4106 Dietsoh.,
2102 4037 2127 4090 I
2158 4045 2225 4092 10
2254 4037 2425 4092 Kritz,
2454 4040 2473 4110 ΙΙ
2504 4043 2567 4090 26
2602 4037 2813 4108 Cicero]
2848 4039 2905 4094 in
2934 4037 3055 4094 Cat.
3086 4041 3113 4092 Ι
3144 4047 3187 4108 1,
3212 4047 3243 4092 3

835 4241 864 4288 1
903 4233 1026 4290 fata
1059 4237 1124 4288 F
1147 4237 1164 4304 ΙΙ
1203 4237 1596 4302 necessitatem
1639 4235 1690 4288 A
1719 4236 1740 4303 ΙΙ
1779 4233 1969 4288 uenire
2008 4233 2065 4284 F
2088 4235 2109 4302 ΙΙ
2146 4233 2405 4290 benefitio
2440 4235 2497 4288 L
2530 4237 2547 4304 ΙΙ
2596 4241 2629 4288 2
2664 4233 2825 4288 adfer
2864 4235 2973 4290 AS
2982 4235 3065 4290 H:
3108 4233 3245 4290 affer

645 4307 648 4312 ’
687 4307 792 4362 Ra
845 4305 1044 4360 afferat
1079 4307 1132 4358 L
1167 4307 1422 4374 (afferaet
1457 4311 1498 4376 l)
1551 4307 1736 4360 adfert
1777 4305 1852 4358 M
1901 4305 2123 4358 adferes
2152 4305 2213 4356 F
2236 4307 2255 4374 fl
2280 4305 2443 4360 affers
2474 4305 2639 4360 RLa
2666 4307 2685 4376 ΙΙ
2714 4313 2747 4360 6
2784 4323 2925 4374 quae
2968 4349 2979 4360 .
3010 4349 3023 4362 .
3054 4349 3065 4360 .
3110 4305 3241 4360 dioi-

687 4377 800 4448 tur]
841 4395 1000 4446 quae,
1025 4377 1386 4436 nunereditur
1413 4377 1476 4430 F
1497 4381 1666 4452 neere
1705 4377 1836 4430 libra·
1863 4381 2085 4446 praeter
2116 4377 2173 4428 F
2196 4377 2215 4446 ΙΙ
2246 4383 2275 4430 7
2310 4377 2461 4432 bello
2524 4377 2585 4430 in
2622 4377 2767 4432 bello
2796 4377 2927 4428 LH
2946 4379 2965 4446 ss
2996 4383 3025 4430 9
3064 4377 3241 4432 cnius-

685 4449 818 4504 dam
855 4449 1100 4504 breuitas
1143 4465 1268 4502 eum
1305 4449 1444 4504 duos
1485 4449 1544 4502 F
1591 4451 1614 4518 ΙΙ
1669 4453 1734 4500 11
1775 4449 2101 4516 tyrrhenam
2138 4447 2195 4500 F
2248 4449 2267 4518 ΙΙ
2322 4453 2385 4500 13
2476 4447 2629 4504 ensio
2664 4449 2723 4502 A
2776 4447 3021 4500 ortensio
3058 4449 3181 4500 LF
3198 4451 3243 4576 gl

685 4521 846 4578 novis
885 4539 984 4578 om.
1025 4521 1092 4574 H·
1133 4521 1152 4590 ΙΙ
1195 4517 1490 4590 adfligeret
1527 4521 1600 4572 M
1643 4521 1660 4590 ΙΙ
1719 4525 1784 4572 14
1819 4519 2089 4586 uergilius
2130 4519 2189 4572 F
2234 4523 2251 4592 ΙΙ
2306 4523 2371 4572 15
2410 4519 2479 4572 de
2516 4519 2889 4582 tirrhenorum
2926 4521 3095 4586 gente
3132 4523 3185 4572 A
3232 4525 3243 4544 ¹

685 4593 756 4646 de
803 4593 1196 4660 tyrrhenorum
1245 4595 1446 4662 agente
1487 4589 1548 4646 F
1595 4592 1616 4659 ΙΙ
1671 4589 2083 4658 Tyrrhenorum
2132 4607 2231 4644 om.
2268 4589 2401 4644 LH
2438 4591 2589 4658 (add.
2630 4591 2683 4658 l)·
2716 4593 2735 4658 ΙΙ
2790 4593 2857 4642 16
2908 4591 3033 4656 post
3074 4593 3241 4646 Tusci

633 4681 638 4686 ·
685 4681 786 4718 om.
825 4665 882 4716 L
917 4665 1064 4732 (add.
1107 4665 1146 4732 l)
1173 4665 1190 4734 ΙΙ
1217 4665 1398 4718 tuscia
1431 4661 1546 4718 AS
1581 4665 1740 4728 (corr.
1779 4663 1836 4732 a)
1869 4664 1886 4734 ΙΙ
1925 4679 2085 4716 erem
2124 4665 2177 4716 A
2238 4677 2401 4716 ovi-en
2434 4661 2495 4716 R
2530 4663 2689 4728 (corr.
2728 4659 2957 4730 Daniel)
3016 4663 3141 4718 erin
3178 4665 3247 4716 H

687 4753 840 4788 orem
881 4737 956 4788 M
1009 4753 1168 4788 orcffl
1203 4737 1266 4788 F
1287 4737 1304 4806 ΙΙ
1351 4733 1476 4790 lidii
1515 4733 1566 4788 R
1603 4737 1624 4802 ss
1661 4749 1794 4802 rege
1831 4731 2001 4804 (regis
2038 4735 2075 4802 l)
2136 4733 2303 4786 fratre
2340 4733 2473 4784 ΖΗ
2518 4749 2651 4800 rege
2686 4731 2863 4786 fratre
2896 4731 3111 4802 tyrreni
3148 4737 3241 4800 M,

683 4809 812 4872 fort.
841 4813 978 4860 recte
1005 4809 1028 4876 ΙΙ
1055 4815 1120 4860 17
1151 4807 1290 4860 lidia
1307 4807 1372 4860 F
1393 4809 1410 4878 ΙΙ
1441 4813 1508 4862 18
1545 4803 1684 4860 lidia
1701 4803 1804 4874 Fu
1833 4803 2195 4860 cliriuatiuum
2226 4803 2287 4858 F
2304 4803 2327 4872 ΙΙ
2356 4803 2563 4872 Lydica
2596 4803 2929 4858 Mas-vinias:
2968 4805 3111 4860 lidia
3136 4805 3199 4858 F
3222 4808 3241 4878 Η

685 4877 918 4948 agillarn
957 4877 1020 4930 F
1067 4877 1396 4948 Agyllinam
1423 4879 1634 4934 Daniel
1657 4877 1674 4944 ΙΙ
1707 4881 1772 4930 19
1807 4875 2065 4944 pellasgo
2098 4875 2159 4930 F
2178 4877 2197 4946 ΙΙ
2228 4875 2491 4944 telogono
2530 4871 2593 4926 F
2614 4877 2633 4942 ΙΙ
2656 4873 2821 4928 telesi
2860 4875 2931 4942 F,
2972 4877 3185 4932 correoei
3222 4879 3237 4948 1}

685 4957 754 5004 22
793 4947 962 5016 unde]
1003 4951 1128 5016 fort.
1169 4951 1428 5004 videntur
1465 4951 1546 5004 vel
1583 4949 1710 5004 sunt
1749 4951 1896 5002 enim
1921 4951 1940 5016 H
1970 4953 2037 5000 26
2074 4947 2383 5016 paralipsis.
2406 4943 2539 5002 AS:
2578 4946 2947 5016 paralempsis
2986 4949 3185 5016 reliqui
3222 4951 3241 5020 Η

683 5023 1002 5088 praeterreo
1041 5019 1116 5072 M
1135 5023 1248 5102 ¹¹27
1287 5023 1350 5074 ut
1389 5025 1472 5076 est
1505 5019 1700 5088 F1128
1743 5021 1814 5074 acl
1851 5039 1908 5072 DI
1935 5037 1985 5070 c,
2014 5037 2049 5070 1.
2088 5035 2241 5086 supr.
2268 5033 2401 5072 vers.
2440 5017 2659 5110 quande
2698 5019 2959 5072 uolumus
2994 5019 3237 5088 indigni-

683 5093 862 5146 tatem
899 5089 980 5142 rei
1019 5103 1322 5158 exprimere
1363 5091 1524 5160 quasi
1559 5089 1824 5146 commoti
1867 5089 2169 5144 anei-timus
2208 5089 2517 5142 orationem
2548 5087 2603 5138 Τ
2638 5135 2647 5194 ἑ,

2602 5241 2629 5314 ll
