3900 5784
681 645 812 708 264
1539 613 1542 616 ’
1841 643 2085 700 snnvu

679 807 806 874 iaoi
863 805 1154 870 fulmina.
1247 803 1472 888 equae'
1537 811 1756 870 autem
1815 807 2059 892 qualia,
2126 809 2197 870 ut
2256 805 2391 890 <IX
2436 805 2613 888 479>
2668 807 2871 874 hune
2930 829 3069 892 ego
3136 807 3241 890 te,

679 911 1052 996 Euryale,
1097 909 1428 996 aspicie,
1473 913 1542 978 id
1587 917 1686 980 est
1735 915 1950 980 talem.
2026 935 2179 998 ergo
2230 915 2353 978 hoe
2394 913 2571 978 dicit:
2620 915 2949 980 faciebant
2994 915 3241 980 fulmen

681 1023 750 1086 in
797 1041 1020 1082 eorum
1067 1017 1584 1104 similitudinem,
1637 1043 1796 1104 quae
1841 1019 2137 1104 Iuppiter
2176 1019 2337 1086 iacit
2386 1023 2525 1085 toto
2574 1022 2781 1106 eaelo,
2844 1023 2969 1086 hoe
3018 1025 3119 1086 est
3162 1017 3241 1082 de

679 1127 948 1192 diversis
997 1125 1294 1210 partibus
1341 1126 1532 1212 caeli,
1577 1125 1828 1192 seilicet
1879 1125 2172 1192 sedecim.

609 1255 644 1302 5
855 1233 1006 1298 428.
1077 1259 1280 1300 DEIOJT
1327 1233 1694 1314 quibusdam
1755 1233 1995 1298 videtur
2046 1233 2365 1298 humiliter
2418 1235 2669 1298 dietum.
2762 1237 2881 1300 alii
2932 1235 2951 1262 ³
2966 1233 3067 1300 εἷθ’
3120 1253 3241 1316 pro

683 1341 920 1406 ‘valde'
965 1341 1302 1422 accipiunt,
1347 1343 1508 1406 sieut
1547 1341 1808 1406 dicimus
1857 1339 2137 1406 ‘deamo'
2172 1363 2295 1422 pro
2342 1341 2547 1404 ‘valde
2594 1363 2735 1406 amo
2748 1341 2787 1406 ⁹.
2838 1401 2847 1410 .

859 1449 1010 1512 429.
1081 1467 1238 1512 Tms
1285 1467 1520 1514 numus
1565 1467 1780 1514 'roan
1833 1465 2089 1514 nAmos
2148 1449 2489 1514 constricti
2542 1453 2613 1512 et
2664 1449 2875 1514 eoacti
2926 1449 2999 1512 in
3052 1469 3243 1534 gran-

683 1557 928 1622 dinem:
995 1553 1246 1620 Statius
1303 1555 1510 1620 sieeo
1573 1577 1766 1638 quos
1829 1577 2055 1640 asper
2110 1557 2331 1620 hiatu
2394 1557 2885 1640 praesolidat
2934 1555 3243 1620 Boreas,

683 1669 750 1730 et
797 1663 1128 1728 sciendum
1173 1665 1296 1728 hoe
1343 1685 1490 1728 eum
1537 1663 1706 1728 velle
1757 1663 2123 1748 ostendere,
2176 1667 2319 1728 toto
2370 1683 2537 1728 anno
2586 1665 2715 1728 iaci
2758 1664 3029 1728 fulmen:
3090 1683 3245 1726 nam
3350 1705 3357 1712 -

577 1791 648 1838 10
683 1795 802 1856 per
845 1771 964 1836 has
1013 1771 1412 1854 periphrasis
1453 1773 1758 1852 tempora
1801 1771 2087 1836 ostendit
2136 1771 2287 1836 anni
2332 1769 2563 1854 totius,
2614 1791 2775 1856 quae
2824 1773 2889 1834 et
2934 1771 3245 1854 quattuor

683 1903 824 1944 esse
863 1885 930 1944 et
963 1881 1186 1944 ternos
1225 1899 1478 1942 menses
1521 1877 1760 1942 habere
1795 1877 2219 1944 manifestum
2256 1881 2385 1944 est:
2430 1879 2601 1942 unde
2640 1879 2793 1942 dicit
2834 1877 2979 1942 ‘tris
3014 1875 3245 1940 imbris

681 1987 848 2050 torti
905 1983 1172 2068 radios',
1231 1985 1356 2050 hoe
1413 1989 1526 2048 est‘
1567 1983 1928 2066 grandiniS,
1990 2007 2151 2070 quae
2210 1985 2503 2050 abundat
2550 2007 2667 2070 per
2724 1985 3027 2068 hiemem3
3092 1981 3245 2046 ‘tris

681 2091 874 2158 nubis
917 2069 1250 2174 aquosae',
1295 2091 1418 2154 hoe
1465 2091 1562 2154 est
1613 2091 1806 2172 veris,
1857 2111 1985 2174 quo
2030 2097 2325 2172 tempore
2372 2091 2611 2154 nimiae
2648 2095 2799 2156 sunt
2842 2091 3129 2176 pluviae,
3170 2091 3249 2154 ut

683 2205 760 2264 et
805 2199 962 2262 ruit
1011 2199 1496 2270 imbriferum
1541 2219 1696 2280 ver3
1757 2195 1971 2262 erutili
2018 2197 2139 2262 tris
2182 2197 2407 2282 ignis',
2460 2199 2583 2262 hoc
2640 2201 2743 2262 est
2794 2199 3093 2282 aestatis;
3148 2195 3249 2260 tet
3330 2197 3333 2200 ’

577 2323 648 2370 15
687 2307 864 2370 alitis
923 2305 1180 2390 austri',
1243 2305 1308 2370 id
1365 2307 1464 2370 est
1523 2305 1844 2388 autumni,
1899 2327 2025 2390 quo
2078 2307 2419 2370 ventorum
2478 2305 2699 2370 erebra
2756 2309 2907 2370 sunt
2964 2305 3249 2368 flamina.

685 2417 752 2478 et
797 2413 1150 2500 prudenter
1191 2413 1298 2478 his
1345 2411 1646 2476 omnibus
1689 2415 1995 2478 naturam
2040 2413 2345 2496 exprimit
2388 2411 2683 2478 fulminis
2694 2463 2715 2496 ,
2770 2403 2941 2496 quod
2988 2433 3249 2476 neeesse

685 2523 786 2586 est
837 2523 914 2582 ut
967 2541 1082 2602 per
1139 2519 1336 2582 nubes
1397 2521 1698 2584 nascatur
1749 2521 1812 2582 et
1857 2523 2115 2586 ventos:
2172 2541 2325 2582 iiam
2382 2519 2531 2596 alibi·
2576 2521 2669 2586 ait
2716 2519 2829 2604 <II‘
2872 2517 3043 2604 649>
3100 2519 3249 2598 ful-

683 2627 914 2692 minis
955 2625 1288 2706 adflavit
1337 2627 1582 2700 ventis
1621 2631 1684 2690 et
1727 2629 2043 2710 coutiyit
2082 2627 2261 2710 iqui.
2352 2631 2409 2690 et
2448 2627 2591 2690 bene
2636 2627 2709 2690 iu
2754 2627 3081 2690 materiam
3120 2625 3247 2708 ful-

683 2733 878 2798 minis
911 2733 1088 2798 vertit
1123 2753 1194 2798 ea
1229 2753 1304 2798 ex
1337 2733 1556 2814 quibus
1597 2733 1838 2814 fulmen
1873 2735 2155 2800 nascitur
2160 2785 2179 2818 ,
2226 2733 2445 2798 nubem
2484 2721 2739 2798 imbrem
2772 2739 3051 2800 ventum:
3098 2753 3251 2796 uam

577 2859 650 2908 20
683 2847 758 2906 ut
789 2841 1034 2922 physici
1067 2841 1308 2924 volunt,
1355 2859 1496 2904 cum
1537 2841 1724 2904 nubes
1769 2841 1961 2906 ventis
2008 2827 2377 2906 vehementer
2418 2841 2689 2922 ayita-tae
2736 2847 2901 2920 suut,
2946 2841 3035 2906 sic
3082 2841 3249 2904 iuca-

687 2951 940 3032 eoscum,
1001 2953 1070 3012 ut
1115 2949 1544 3012 accendantur.
1635 2967 1784 3012 saue
1829 2949 2073 3028 fulmen
2124 2949 2355 3030 triptici
2396 2929 2757 3030 praeditum
2790 2953 3087 3030 potestate
3130 2953 3249 3012 est:

685 3063 778 3122 eet
815 3057 1304 3136 ostentatorum,
1337 3053 1818 3138 peremptorium
1829 3101 1848 3132 ,
1883 3075 2279 3138 praesagatam.
2356 3057 2811 3120 ostentatorium
2852 3059 2937 3120 est
2974 3075 3091 3138 quo
3136 3059 3249 3118 ter-

685 3187 794 3228 ror
847 3165 1172 3244 incutitur,
1225 3167 1298 3228 ut
1349 3159 1648 3246 ‘fulyores
1697 3181 1868 3226 nmio
1919 3163 2217 3244 terrificos
2268 3163 2651 3244 sonitumque
2702 3159 3095 3244 metumque'.
3184 3167 3255 3226 at

687 3293 824 3336 cum
881 3271 1032 3336 dicit
1083 3267 1100 3296 ³
1115 3271 1506 3352 flammisque
1545 3267 1898 3352 sequacibus
1937 3267 2109 3336 iras'
2152 3269 2637 3352 peremptorium
2692 3267 2875 3336 docet.
2952 3269 3253 3352 praesayi

581 3393 656 3444 25
691 3383 900 3444 autem
933 3379 1024 3442 sie
1055 3367 1340 3442 meminit
1369 3375 1472 3462 <X
1507 3375 1674 3462 175>
1715 3379 1983 3442 tertius
2022 3377 2151 3442 ille
2180 3375 2553 3442 homiuum
2594 3377 2981 3460 divumque
3014 3377 3249 3440 iuter-

679 3505 852 3570 pres
903 3483 1194 3570 Asilas,
1255 3487 1370 3552 cui
1415 3485 1772 3568 pecudum
1819 3483 2091 3568 fibrae,
2152 3485 2343 3550 caeli
2394 3485 2517 3550 eui
2566 3487 2817 3550 sidera
2864 3489 3135 3568 parent
3186 3489 3255 3548 et
3318 3521 3323 3524 ·

691 3597 992 3678 linquae
1043 3595 1424 3658 voluerum
1477 3597 1544 3656 et
1585 3593 1942 3676 praesagi
2002 3591 2355 3672 fulminis
2404 3593 2629 3676 iques.
2718 3613 2847 3658 uou
2898 3593 3061 3658 uuili
3114 3613 3251 3656 vero

689 3703 1022 3766 manubias
1061 3701 1352 3780 fulminis
1395 3699 1496 3766 his
1535 3699 1920 3784 numinibus,
1966 3701 2037 3764 id
2068 3705 2157 3764 est
2178 3699 2351 3784 Iovi,
2386 3699 2649 3784 quoui,
2684 3699 2895 3764 Marti
2928 3703 2991 3762 et
3014 3697 3253 3762 Austro

833 3953 870 4002 S
911 3947 1148 4018 Statius]
1187 3949 1364 4004 Theb.
1403 3949 1430 4002 I
1465 3953 1568 4002 352
1599 3947 1620 4018 ss
1661 3951 1692 4000 9
1733 3947 1790 4002 et
1825 3945 2115 4002 sciendum
2152 3987 2163 3998 .
2194 3987 2207 4000 .
2242 3991 2255 4004 .
2292 3947 2353 4000 et
2386 3947 2607 4018 ventos]
2646 3963 2817 4002 exser.
2856 3945 3135 4014 mythogr.
3174 3945 3255 3996 III

695 4031 730 4144 {1¹³
729 4027 782 4144 (gl,
803 4027 844 4144 5S
849 4022 982 4146 ῒιὲιὲιι
991 4019 1480 4146 qesssefjuiilffiggglrg.
1513 4019 1536 4072 I
1563 4025 1668 4074 313
1695 4019 1714 4086 ΙΙ
1747 4023 1826 4072 18·
1849 4019 1908 4072 et
1941 4019 2085 4074 bene
2214 4061 2225 4074 .
2266 4019 2331 4072 ut
2370 4017 2767 4090 accendantur]
2808 4019 2877 4074 of.
2906 4017 3069 4074 Luot.
3100 4017 3251 4072 Plae.

839 4327 870 4374 1
909 4339 1012 4390 pro
1049 4323 1242 4388 qualia
1271 4323 1328 4374 F
1353 4325 1372 4392 ΙΙ
1399 4329 1428 4376 2
1469 4323 1682 4378 flabant
1711 4321 1774 4374 F
1793 4323 1812 4390 ΙΙ
1841 4327 1874 4374 5
1901 4323 2061 4376 schot.
2094 4321 2167 4376 ad
2194 4341 2375 4374 Darou
2400 4337 2427 4374 e
2462 4321 2771 4378 Turoue‘nsi
2796 4323 2973 4378 edidit
2998 4321 3209 4374 Daniel
3234 4321 3253 4392 Η

693 4401 726 4446 8
767 4393 914 4446 sicco
951 4393 1034 4446 F:
1077 4393 1256 4446 siccos
1291 4393 1612 4446 ASRLH
1659 4393 1740 4446 sic
1777 4409 1872 4448 eos
1911 4395 1989 4448 M
2034 4395 2053 4464 ss
2108 4395 2313 4462 hasper
2350 4391 2459 4446 AS
2512 4409 2613 4460 per
2646 4395 2701 4452 L
2754 4397 2773 4464 ΙΙ
2828 4395 2991 4446 hiatu
3026 4391 3249 4448 RHF:

691 4465 886 4518 hiatus
923 4463 1182 4518 ASLM
1223 4467 1244 4532 11
1297 4469 1328 4518 9
1369 4463 1608 4518 fulmina
1643 4465 1696 4518 R
1753 4467 1772 4534 ss
1827 4469 1892 4518 11
1927 4465 2075 4518 unde
2118 4461 2279 4536 dicit]
2316 4463 2501 4516 unde&
2534 4463 2601 4516 F
2632 4465 2797 4534 (unde
2838 4463 2923 4518 est
2962 4463 3187 4532 Daniel)
3234 4467 3239 4536 Ι

697 4543 764 4590 12
801 4535 938 4590 torti
977 4579 990 4590 .
1025 4579 1034 4590 .
1067 4577 1078 4590 .
1121 4537 1284 4592 nubis
1319 4551 1420 4590 om.
1457 4537 1522 4588 H
1547 4537 1564 4604 ΙΙ
1609 4541 1668 4590 12
1707 4535 2001 4590 habundat
2034 4537 2163 4590 libri
2190 4537 2211 4606 fl
2250 4541 2315 4588 14
2354 4533 2433 4608 et]
2474 4551 2601 4588 eum
2648 4535 2919 4606 Veryilius
2948 4535 2967 4602 ΙΙ
2994 4533 3105 4588 fuit
3138 4535 3205 4590 F
3234 4537 3245 4618 1

645 4671 650 4676 ⁶
693 4607 872 4662 rutuli
899 4607 1010 4662 AS
1019 4607 1152 4662 LH
1157 4609 1232 4662 M
1269 4611 1426 4678 (cor-r.
1457 4609 1516 4676 a)
1541 4609 1560 4674 ΙΙ
1591 4611 1658 4660 15
1693 4605 1928 4662 fulmina
1956 4607 2075 4662 RL
2130 4607 2361 4662 flumina
2394 4605 2465 4658 H
2484 4605 2503 4674 ΙΙ
2532 4609 2601 4658 18
2636 4611 2835 4660 uentus
2872 4605 2931 4658 F
2954 4607 2975 4674 ΙΙ
3000 4611 3069 4660 20
3108 4607 3249 4662 fisici

695 4679 758 4732 F
797 4679 818 4747 ΙΙ
875 4685 938 4732 21
979 4681 1052 4734 ad
1089 4695 1140 4734 v.
1177 4685 1282 4734 429
1319 4679 1386 4734 iu
1417 4695 1588 4748 mary.
1629 4695 1750 4746 sup.
1787 4679 2093 4746 prudenter
2136 4677 2225 4732 his
2274 4675 2529 4730 omnibus
2574 4679 2837 4730 naturam
2874 4677 3123 4732 fulminis
3160 4695 3251 4732 ex-

695 4749 896 4818 primit
929 4749 1082 4818 quod
1119 4767 1344 4806 neeesse
1385 4751 1470 4804 est
1505 4751 1766 4804 nascatur
1799 4767 1902 4818 per
1931 4753 2113 4806 nubes
2148 4751 2205 4804 et
2240 4749 2449 4802 uentos
2508 4749 2565 4800 et
2598 4747 2807 4816 triplici
2846 4749 3127 4818 potestate
3162 4751 3253 4804 est
3324 4783 3327 4786 ψ

695 4819 1016 4890 praeditum
1049 4821 1278 4878 fulmen,
1339 4823 1424 4876 est
1463 4821 1612 4876 enim
1647 4821 2073 4878 ostentatorium
2116 4867 2127 4878 .
2154 4865 2167 4876 .
2202 4865 2215 4876 .
2254 4819 2415 4872 findit
2458 4817 2509 4870 T
2526 4821 2545 4884 ΙΙ
2574 4823 2643 4872 22
2680 4821 2741 4872 et
2770 4837 3107 4890 praesagum
3144 4821 3201 4872 T
3232 4821 3251 4894 Η

695 4899 768 4944 23
803 4891 1088 4946 horrificos
1131 4893 1190 4950 F
1221 4895 1244 4962 ΙΙ
1287 4893 1346 4948 at
1385 4935 1396 4946 .
1427 4935 1438 4946 .
1475 4937 1486 4950 .
1525 4891 1716 4962 docet]
1755 4893 2191 4962 peremptorium
2232 4891 2397 4944 docet
2430 4905 2559 4942 eum
2598 4891 2735 4946 dicit
2768 4891 3121 4960 flammisque
3158 4909 3247 4946 se-

695 4961 968 5032 quacibus
1007 4963 1118 5016 iras
1151 4965 1198 5018 T
1223 4967 1244 5034 11
1271 4971 1340 5018 24
1377 4971 1790 5034 peremptorum
1817 4965 1880 5016 F
1901 4967 1920 5034 ΙΙ
1945 4983 2279 5034 praesagum
2316 4961 2397 5016 sie
2430 4961 2685 5016 memin‘t
2724 4963 2779 5016 in
2816 4965 2987 5018 tertio
3020 4963 3121 5018 ille
3154 4965 3207 5016 T
3230 4965 3249 5034 [Ι

697 5039 770 5088 25
813 5033 1088 5102 interpres
1131 5073 1144 5088 .
1171 5079 1184 5092 .
1217 5079 1228 5088 .
1269 5037 1426 5106 ignes
1465 5055 1562 5090 om.
1611 5037 1660 5088 T
1695 5035 1716 5104 ΙΙ
1763 5039 1828 5088 28
1877 5037 2191 5092 nominibus
2232 5033 2289 5088 F
2300 5033 2373 5100 T,
2418 5049 2553 5088 corr.
2596 4981 2801 5098 Dltmiel
2848 5037 2867 5104 ΙΙ
2906 5035 2973 5088 id
3018 5039 3105 5090 est
3140 5079 3151 5090 .
3186 5077 3199 5088 .
3234 5075 3243 5088 .

697 5103 1028 5178 attributas]
1065 5111 1320 5160 asserunt
1357 5107 1658 5164 attributas
1693 5105 1812 5162 ioui
1849 5109 2019 5164 marti
2050 5107 2247 5162 iunoni
2282 5103 2559 5174 simulque
2600 5109 2785 5200 austro
2826 5109 2997 5162 uento
3034 5105 3087 5160 T

2610 5209 2647 5308 ,f
