3900 5784
1299 603 1524 658 COMM.
1563 603 1646 656 IN
1681 599 1896 656 VERG.
1933 599 2101 652 AEN.
2146 603 2215 654 VI
2258 603 2551 656 572—585.
3126 597 3199 656 81

657 771 872 850 potest
921 765 1070 850 quid
1119 765 1312 828 etiam
1365 789 1622 830 sursum
1669 771 1908 848 patere.
1974 765 2225 828 videtur
2266 771 2479 828 autem
2522 761 2647 824 hoc
2680 757 3205 844 prudentioribus

659 873 800 936 ideo
855 873 1126 954 dictum,
1187 871 1336 954 quia
1395 873 1740 938 secundum
1797 873 2119 938 rationem
2176 874 2491 956 sphaerae
2548 869 2647 932 801
2698 891 2845 932 cum
2902 867 2971 930 in
3018 885 3207 928 unam

657 977 1048 1042 concesserit
1081 981 1370 1060 partem,
1397 979 1576 1050 ,duae
1619 981 1802 1062 quasi
1829 979 2175 1044 Tartarum
2212 981 2495 1044 faciunt:
2536 999 2687 1058 una,
2740 999 2775 1038 a
2812 997 2935 1058 qua
2980 973 3209 1036 (118668-

661 1085 774 1170 sit,
831 1089 898 1148 et
951 1085 1182 1166 altera,
1239 1083 1320 1146 ad
1379 1071 1572 1168 quam
1627 1105 1977 1166 numquam
2036 1085 2309 1148 accedit:
2380 1083 2545 1170 quod
2608 1083 2839 1146 melius
2898 1081 3209 1164 sphaerae

657 1191 900 1254 indicat
945 1191 1132 1254 ratio.
1221 1191 1344 1254 hoc
1397 1195 1610 1254 autem
1661 1191 1840 1252 dicit:
1911 1189 2223 1254 Tartarus
2282 1193 2415 1272 ipse
2466 1189 2563 1250 bis
2612 1191 2869 1248 tantum
2906 1189 2981 1248 111
3028 1209 3207 1268 prae-
3248 1199 3277 1246 5

657 1317 804 1378 ceps
849 1299 1034 1378 patet
1077 1299 1146 1358 et
1189 1297 1400 1360 tendit
1443 1295 1562 1360 sub
1611 1295 1904 1376 umbraS,
1949 1299 2235 1376 quantus
2276 1299 2375 1358 est
2412 1281 2777 1374 suspectUS,
2820 1293 2887 1356 id
2926 1297 3025 1356 est
3062 1291 3211 1354 alti-

657 1403 838 1484 tudo,
887 1401 966 1466 ad
1015 1401 1362 1486 Olympum
1411 1401 1790 1466 aetherium.
1881 1401 2041 1464 deest
2084 1397 2251 1464 ‘esst

833 1509 978 1572 580.
1031 1525 1176 1590 x1110
1231 1527 1458 1572 GENVS
1515 1523 1884 1582 ANTIQVVM
1939 1521 2213 1566 TERRAE
2280 1507 2345 1568 id
2408 1509 2509 1568 est
2558 1503 2869 1588 primum:
2944 1505 3209 1568 Tilanas

659 1615 828 1678 enim
887 1611 1110 1680 contra
1169 1613 1518 1678 Saturnum
1569 1611 1822 1696 genuit,
1883 1609 2193 1692 Gigantas
2254 1617 2483 1692 postea
2538 1613 2765 1672 contra
2814 1609 3055 1674 Iovem.
3148 1611 3213 1672 et

653 1721 876 1784 ‘ferunt
925 1721 1186 1784 fabulae
1233 1719 1506 1782 Titanas
1551 1717 1634 1782 ab
1681 1719 1848 1780 irata
1897 1719 2125 1780 contra
2170 1717 2323 1782 deos
2366 1717 2563 1780 Terra
2602 1715 2681 1776 ad
2722 1715 2857 1788 eius
2896 1715 3207 1780 ultionem
3252 1731 3313 1778 10

659 1831 908 1890 creatos
921 1879 936 1912 ,
975 1827 1146 1890 unde
1185 1831 1248 1890 et
1281 1825 1546 1888 Titanes
1585 1821 1740 1888 dicti
1779 1827 1930 1888 sunt
1966 1817 2097 1886 ἀπὸ
2130 1825 2247 1908 τῆς
2274 1827 2533 1904 τίσεως,
2580 1821 2647 1884 id
2684 1825 2785 1884 est
2820 1821 2917 1884 ab·
2938 1821 3207 1886 ultione.

659 1933 732 1996 de
791 1933 894 1998 1118
951 1939 1170 1998 autern
1227 1933 1404 1996 solus
1459 1929 1570 1994 Sol
1631 1929 2019 1994 abstinuisse
2070 1935 2377 1994 narratur
2430 1929 2513 1992 ab
2566 1925 2803 1992 iniuria
2856 1931 3207 2010 numinum,

657 2039 822 2120 unde
869 2043 936 2104 et
979 2041 1230 2104 caelum
1281 2037 1536 2102 meruit.
2848 2093 2851 2096 ,

831 2145 980 2210 582.
1055 2163 1356 2210 ALOIDAS
1389 2137 1692 2210 GEMINOS
1725 2141 1965 2208 Aloeus
1996 2143 2421 2226 Iphimediam
2458 2163 2719 2204 uxorem
2758 2139 3007 2226 hahuit,
3044 2163 3205 2224 quae

615 2235 1004 2334 ·conpressa
1053 2277 1090 2316 a
1137 2253 1440 2336 Neptuno
1489 2251 1650 2314 duos
1695 2251 1975 2332 peperit,
2026 2249 2217 2316 Otum
2270 2253 2331 2314 et
2382 2247 2759 2332 Ephialten,
2818 2247 2929 2330 qui
2986 2247 3205 2332 digitis
3254 2267 3313 2312 15

657 2381 890 2422 novem
935 2379 1052 2442 per
1099 2359 1394 2442 singulos
1441 2379 1690 2420 menses
1731 2357 2119 2422 crescebant.
2200 2359 2349 2432 freti
2396 2357 2615 2438 itaque
2658 2355 3027 2438 altitudine,
3070 2375 3207 2418 cum

657 2465 852 2530 adhuc
897 2487 1106 2530 novem
1155 2449 1460 2530 annorum
1501 2469 1716 2540 essent,
1769 2465 2019 2526 caelum
2066 2463 2407 2526 voluerunt
2452 2463 2855 2544 subvertere,
2902 2461 3015 2524 sed
3058 2481 3205 2524 con-

655 2571 768 2636 fixi
825 2575 972 2634 sunt
1021 2571 1268 2636 Dianae
1323 2577 1390 2634 et
1435 2571 1758 2652 Apollinis
1813 2571 1981 2634 telis.
2070 2569 2335 2634 Aloidas
2388 2571 2601 2634 autem
2650 2567 2743 2632 sic
2796 2567 2983 2650 dixit,
3044 2565 3209 2630 sicut
3304 2567 3315 2572 ’

659 2679 732 2742 (16
783 2677 1060 2742 Hercule
1111 2677 1726 2760 Amphitryoniades
1779 2677 2067 2740 dicimus,
2250 2691 2557 2742 GEMINOS
2608 2675 2705 2738 sui
2756 2675 3019 2738 similes.

833 2783 980 2848 585.
1057 2801 1422 2850 CRVDELES
1455 2799 1726 2846 POENAS
1769 2805 2017 2866 saevas,
2052 2783 2313 2864 nimias3
2362 2805 2511 2846 nam
2548 2801 2677 2844 non
2712 2781 2873 2844 dicit
2908 2781 3205 2862 indignas
3248 2799 3313 2844 20

655 2891 966 2956 ferentem
1027 2891 1134 2974 qui
1173 2885 1554 2974 'sacrilegus
1611 2889 1758 2952 fuit.
1937 2907 2311 2952 SALMONEA
2362 2889 2743 2954 Salmoneus
2790 2889 2975 2952 Aeoli
3034 2889 3205 2952 filius

653 2997 806 3080 fuit,
851 3019 982 3060 non
1031 2999 1200 3080 regis
1249 2981 1620 3078 ventorum,
1665 2997 1776 3060 sed
1821 2997 2155 3060 ‘cuiusdam
2198 2995 2367 3078 apud
2406 2995 2687 3078 Elidem,
2734 2995 2845 3058 ubi
2894 2997 3205 3078 regnavit.

657 3105 768 3186 qui
823 3103 1144 3166 fabricato
1197 3105 1400 3186 ponte
1443 3123 1630 3164 aereo
1693 3123 1890 3184 super
1941 3123 2087 3164 eum
2150 3101 2439 3184 agitabat
2494 3123 2713 3164 currus
2766 3101 2841 3162 ad
2892 3101 3207 3164 imitanda

655 3231 926 3288 superna
969 3209 1290 3290 tonitrua,
1347 3211 1416 3270 et
1455 3205 1526 3270 in
1573 3229 1766 3288 quem
1809 3207 2045 3270 fuisset
2088 3207 2411 3270 iaculatus
2452 3207 2689 3288 facem,
2748 3227 2895 3270 eum
2938 3207 3205 3270 iubebat

657 3315 872 3378 occidi.
963 3315 1070 3378 hic
1113 3315 1344 3396 postea
1391 3333 1610 3376 verum
1661 3315 1961 3394 expertus
2014 3316 2111 3376 est
2156 3313 2417 3378 fulmen.
3244 3327 3309 3376 25

797 3581 828 3630 8
875 3577 936 3630 id
983 3579 1072 3630 est
1107 3593 1156 3632 e.
1195 3597 1246 3646 q,
1289 3578 1352 3649 8.]
1407 3591 1574 3630 exscr.
1613 3577 1892 3646 mythogr.
1931 3577 2009 3630 III
2048 3583 2095 3644 3,
2138 3583 2185 3630 5.
2254 3577 2321 3630 cf.
2362 3575 2641 3646 mythogr.
2678 3577 2703 3628 I
2746 3583 2807 3630 11
2860 3579 2917 3630 et
2952 3577 3083 3632 Isid.
3128 3595 3199 3630 or.

657 3647 726 3698 IX
771 3652 960 3714 2,-135
987 3651 1008 3714 ΙΙ
1051 3653 1112 3700 14
1153 3649 1354 3702 Aloeus
1397 3689 1408 3702 .
1441 3693 1450 3702 .
1483 3689 1494 3702 .
1535 3645 1686 3716 telis]
1729 3665 1900 3700 exscr.
1935 3649 2217 3716 mythogr.
2264 3651 2283 3700 1
2320 3651 2439 3714 8311
2478 3653 2545 3700 21
2586 3647 2917 3702 Salmoneus
2954 3693 2967 3706 .
3004 3693 3015 3702 .
3046 3693 3055 3704 .
3096 3647 3201 3702 ful-

655 3719 806 3786 men]
843 3733 1018 3772 exscr.
1055 3719 1332 3786 mythogr.
1371 3719 1422 3770 ΙΙ
1461 3723 1546 3770 56.
1601 3717 1674 3768 cf.
1709 3719 1987 3786 mythogr.
2032 3717 2053 3768 Ι
2090 3723 2159 3770 82

801 3971 828 4018 1
867 3965 1080 4036 potest]
1119 3963 1252 4032 post
1289 3963 1354 4016 H
1373 3965 1394 4032 ΙΙ
1423 3961 1558 4032 quid
1593 3979 1694 4014 om.
1733 3963 1848 4014 FO
1871 3965 1890 4032 ΙΙ
1917 3963 2193 4014 insursum
2234 3963 2309 4016 M
2330 3965 2357 4030 ss,
2388 3963 2493 4016 hoc
2530 3967 2717 4020 autem
2756 3967 2809 4020 R
2836 3969 2857 4034 ΙΙ
2896 3985 2929 4020 a
2962 3969 3201 4036 pruden-

655 4035 892 4090 tioribus
933 4035 1004 4088 M
1029 4037 1050 4104 ΙΙ
1085 4041 1118 4086 4
1159 4035 1396 4100 alteram
1433 4033 1476 4088 S
1497 4033 1518 4100 ΙΙ
1545 4049 1844 4100 numquam
1885 4051 1981 4086 om.
2028 4035 2113 4098 M,
2152 4053 2301 4102 supr.
2340 4051 2471 4086 vers.
2514 4037 2641 4090 add.
2678 4053 2745 4088 m.
2776 4041 2795 4108 ΙΙ
2836 4045 2869 4090 5
2906 4039 3073 4108 ratio]
3118 4057 3199 4092 ra·
3238 4071 3241 4074 ·

653 4107 800 4158 tatio
837 4107 906 4158 H
933 4109 952 4174 ΙΙ
993 4113 1026 4158 6
1065 4105 1196 4176 sub]
1233 4123 1360 4158 suas
1401 4105 1524 4158 AR
1559 4103 1716 4170 (corr.
1757 4107 1812 4172 a)
1869 4105 1999 4174 susle
2038 4105 2095 4158 H
2134 4106 2151 4172 ΙΙ
2194 4113 2221 4158 7
2266 4103 2575 4158 aetheriam
2614 4107 2673 4158 F
2694 4109 2713 4176 ΙΙ
2752 4109 3079 4178 aetherium]
3124 4111 3199 4162 816

655 4181 712 4230 et
757 4177 1028 4230 Homerus
1077 4177 1146 4228 de
1197 4177 1432 4230 Tartaro
1479 4175 1578 4242 (Il.
1617 4173 1746 4226 VIII
1791 4177 1874 4244 16)
1923 4171 2123 4230 τόσσον
2174 4169 2369 4242 ἔνερθ’
2408 4173 2587 4230 Ἀίδεω
2630 4171 2761 4230 ὅσον
2800 4175 3043 4248 οὐρανός
3082 4175 3195 4236 ἔστ’

653 4245 766 4302 ἀπὸ
807 4249 970 4314 γαίης
1007 4249 1136 4302 add.
1173 4245 1232 4300 D
1281 4247 1474 4314 quibus
1523 4247 1582 4298 in
1629 4247 1876 4314 waaryine
1913 4249 1981 4300 ab
2022 4247 2131 4300 alio
2168 4249 2299 4300 haec
2332 4249 2617 4316 adscripta
2650 4257 2783 4306 sunt
2814 4251 2851 4304 i.
2896 4269 2939 4308 e.
2980 4253 3199 4306 tantum

657 4319 756 4372 sub
795 4317 984 4372 inferis
1025 4319 1296 4386 quantum
1335 4317 1552 4372 caelum
1589 4317 1680 4370 est
1713 4333 1748 4370 a
1785 4319 1948 4372 terra.
1988 4320 2005 4386 ΙΙ
2048 4319 2105 4380 et
2144 4319 2299 4372 deest
2336 4321 2421 4372 est
2456 4319 2665 4374 Daniel
2696 4323 2717 4390 ΙΙ
2760 4329 2791 4376 8
2828 4341 3065 4380 Amnem
3106 4325 3153 4378 (J
3182 4323 3201 4396 Η

655 4395 686 4444 9
723 4389 984 4458 gigantes
1023 4389 1156 4442 RH
1163 4389 1234 4442 M
1239 4405 1270 4440 3
1305 4387 1586 4458 (gigantas
1627 4393 1698 4452 m)
1737 4389 1754 4458 ll
1805 4395 1868 4440 10
1907 4389 2005 4458 ad]
2044 4389 2101 4442 in
2146 4389 2215 4444 M
2248 4391 2269 4458 ΙΙ
2316 4393 2381 4440 11
2422 4407 2531 4444 ano
2570 4413 2637 4446 rro
2674 4393 2797 4460 (Tor
2832 4397 2891 4464 a)
2926 4413 3109 4450 TICCwC
3148 4399 3199 4450 A

655 4473 990 4528 ὼποέφιεεωε
1027 4461 1080 4512 R
1137 4461 1554 4512 ariozonAEmc
1581 4459 1650 4510 H
1679 4477 1790 4512 ano
1815 4477 1916 4512 'mc
1941 4479 2179 4514 'riceulo‘r
2208 4461 2281 4512 M
2326 4475 2433 4512 ano
2464 4479 2563 4516 'mc
2588 4479 2801 4518 *neenec
2830 4465 2879 4518 Ο
2902 4470 2921 4536 l}
2950 4473 3017 4520 12
3052 4469 3201 4522 solus

655 4529 990 4584 abstinuisse
1023 4531 1106 4584 sol
1137 4531 1182 4584 S
1203 4533 1224 4598 ΙΙ
1255 4537 1320 4584 14
1347 4531 1566 4584 aloidus
1599 4531 1672 4582 M
1697 4533 1716 4601 ΙΙ
1741 4527 2047 4584 ifimediam
2076 4533 2185 4586 AS
2196 4533 2243 4584 0
2252 4531 2341 4584 M:
2382 4529 2723 4586 ifimenidam
2754 4537 2807 4590 R
2864 4537 3199 4592 sifemidiam

655 4599 720 4656 H
767 4599 1078 4668 ifiminsf‘am
1113 4601 1176 4654 F
1213 4603 1232 4670 ΙΙ
1291 4607 1354 4654 15
1395 4619 1428 4654 a
1461 4617 1560 4654 om.
1599 4601 1708 4654 AS
1743 4603 1916 4668 (supr.
1954 4617 2083 4656 vers.
2128 4603 2257 4656 add.
2296 4605 2347 4666 a)
2398 4605 2413 4670 {l
2464 4603 2651 4656 totum
2686 4605 2757 4656 H
2804 4609 3001 4662 othum
3040 4609 3153 4662 FO
3184 4611 3201 4682 ΙΙ

653 4671 866 4726 ifialten
907 4671 966 4726 F
987 4675 1008 4740 {l
1039 4677 1104 4726 16
1139 4671 1332 4740 itaque
1367 4689 1466 4726 om,
1501 4671 1616 4724 FO
1639 4673 1656 4742 ΙΙ
1689 4677 1752 4724 1¹7
1791 4671 2123 4726 subuoluere
2162 4673 2235 4726 M
2254 4675 2275 4740 ΙΙ
2304 4677 2367 4724 18
2408 4671 2659 4726 alaoidas
2698 4675 2761 4728 F
2782 4679 2801 4744 ΙΙ
2832 4683 2897 4732 19
2936 4681 3201 4734 amfitrio-

653 4743 848 4796 niades
891 4743 1096 4794 ΑΒΜ
1149 4741 1620 4794 amfritrioniades
1661 4743 1726 4794 H
1777 4741 2237 4808 amfytrioniades
2282 4741 2395 4794 FO
2422 4741 2443 4808 ΙΙ
2480 4743 2719 4796 diximus
2758 4747 2893 4800 RH
2896 4753 2969 4804 M
3002 4753 3023 4820 fl
3060 4751 3199 4804 dici-

655 4815 804 4884 mus]
853 4815 962 4866 1106
1015 4815 1082 4864 ex
1131 4813 1340 4880 odysea
1389 4811 1604 4866 homeri
1657 4813 1710 4866 in
1753 4851 1942 4864 .....
1980 4813 2305 4866 inscribitur
2350 4811 2479 4864 add.
2520 4813 2577 4864 D
2624 4815 2905 4874 duodecim
2948 4839 3199 4878 versuum

657 4887 834 4950 spatio
867 4883 1070 4938 relicto,
1137 4885 1204 4950 cf.
1249 4881 1344 4936 Od.
1389 4883 1462 4934 XI
1501 4887 1602 4936 305
1623 4899 1730 4950 sqq.
1779 4883 1798 4948 ΙΙ
1849 4881 1936 4932 sui
1972 4883 2185 4936 similes
2220 4899 2321 4938 om.
2362 4881 2423 4932 F
2460 4881 2479 4948 ΙΙ
2536 4889 2599 4934 21
2642 4887 2773 4958 fuit]
2822 4897 2911 4946 est
2944 4893 3055 4950 fuit
3090 4893 3155 4946 F
3182 4894 3199 4967 ΙΙ

655 4959 738 5074 22¹3
761 4953 1000 5076 elFizbdem
1041 4953 1100 5006 F
1119 4955 1140 5022 ll
1183 4959 1250 5006 24
1291 4953 1552 5022 superna]
1593 4953 1800 5022 supersi
1837 4951 1884 5004 O
1907 4953 1928 5018 ll
1966 4971 2091 5006 eum
2130 4971 2229 5008 om.
2272 4949 2503 5004 ASFO
2528 4955 2545 5022 ΙΙ
2584 4959 2653 5010 25
2690 4959 2903 5018 fulmen
2938 4967 3197 5036 expertus

653 5041 710 5078 68

761 5119 792 5160 S
797 5133 1096 5162 mmmmmmmmm
1125 5121 1224 5160 Vol.
1257 5123 1320 5160 ΙΙ.
1347 5123 1380 5160 F
1387 5133 1474 5160 asc.
1503 5121 1542 5158 1.
1663 5167 1680 5184 ο
2742 5127 2777 5174 6
