3900 5784
1279 615 1504 674 COMM.
1543 617 1624 672 IN
1657 617 1876 674 VERG.
1911 617 2081 676 AEN.
2120 623 2249 678 VIII
2284 631 2587 680 334—343.
3062 625 3197 688 249

643 801 680 842 a
729 775 1066 842 Carmente
1119 777 1548 850 Carmentalis
1607 785 1776 848 dicta
1835 787 1961 868 est,
2010 789 2155 868 post
2204 791 2513 854 scelerata
2562 815 2603 854 a
2644 791 2871 856 Fabiis
2918 787 3197 870 COOVI,

641 887 754 968 qui
793 907 910 968 per
953 887 1160 968 ipsam
1209 889 1278 952 in
1323 893 1566 956 bellum
1615 893 1916 976 profecti,
1966 913 2097 956 non
2140 899 2291 956 sunt
2340 899 2599 962 reversi.
2752 917 2955 962 VATIS
3002 915 3199 962 FATI-

639 1009 856 1058 DIGAE
889 983 1066 1056 ‘bene
1117 995 1362 1064 addidit
1405 999 1780 1064 ‘fatidicae’z
1831 1021 1985 1062 nam
2028 1001 2243 1064 vatem
2288 1003 2357 1062 et
2396 1007 2661 1082 poetam
2710 1025 3053 1088 possumus
3100 1005 3199 1068 in-

639 1091 980 1186 tellegere,
1037 1101 1206 1166 unde
1263 1109 1474 1172 solum
1525 1109 1790 1190 plenum
1849 1129 1981 1172 non
2036 1111 2189 1172 erat.
2282 1127 2437 1192 ergo
2484 1107 2615 1172 tale
2664 1115 2763 1174 est
2810 1115 2881 1174 ut
2926 1109 3087 1174 illud
3130 1111 3203 1174 in

641 1199 946 1272 Sallustio
997 1209 1072 1272 in
1121 1215 1436 1298 tugurio
1487 1215 1836 1280 mulieris
1883 1215 2245 1298 ancillae,
2290 1237 2419 1278 non
2462 1215 2613 1296 quia
2648 1217 2937 1280 mulieris
2976 1217 3201 1282 statim
3238 1229 3267 1274 5

647 1319 714 1378 et
759 1315 1054 1400 ancillae,
1105 1319 1158 1382 si
1207 1325 1418 1386 autem
1471 1321 1744 1386 ancillae
1791 1319 2017 1384 statim
2070 1325 2131 1386 et
2178 1319 2489 1384 mulieris,

819 1425 970 1514 3450.
1041 1443 1228 1504 QVAE
1273 1447 1494 1494 PRIMA
1537 1429 1688 1512 quia
1735 1433 1967 1512 postea
2012 1427 2211 1490 etiam
2258 1427 2493 1510 sibylla
2540 1427 2723 1490 dixit.

819 1533 970 1598 341.
1039 1551 1298 1600 NOBILE
1345 1553 1816 1598 PALLANTEVM
1861 1535 2151 1598 futurum
2202 1533 2473 1618 scilicet,
2518 1533 2691 1598 sicut
2730 1535 2797 1598 et
2836 1533 3203 1600 Aeneadas:

637 1643 728 1706 ad
765 1661 1018 1724 sequens
1063 1643 1230 1706 enim
1271 1643 1702 1706 Romanorum
1751 1643 1967 1706 retulit
2006 1647 2255 1724 temfflw.

819 1749 970 1814 342.
1037 1767 1320 1814 AsYLVM
1375 1765 1684 1812 RETVLIT
1747 1751 2099 1832 postquam
2150 1747 2465 1814 Hercules
2528 1749 2839 1832 migravit
2902 1773 2939 1814 e
2992 1751 3205 1834 terris,
3242 1763 3311 1812 10

639 1859 908 1938 nepotes
969 1857 1106 1918 61113
1151 1855 1454 1918 timentes
1501 1853 1768 1918 insidias
1819 1877 2041 1918 eorum
2094 1877 2251 1940 quos
2302 1879 2461 1920 avus
2508 1857 2871 1938 adflixerat,
2924 1855 3203 1922 Athenis

641 1961 766 2024 sibi
809 1961 1004 2044 primi
1039 1963 1322 2044 asylum,
1367 1961 1492 2026 hoc
1543 1963 2003 2046 esttemplum
2044 1961 2549 2046 misericordiae,
2596 1963 2995 2028 collocarunt
3034 1965 3205 2028 unde

639 2069 860 2134 nullus
895 2071 1120 2154 posset
1153 2069 1410 2150 abduci,
1453 2069 1622 2154 quod
1659 2069 1858 2134 etiam
1897 2067 2143 2136 Statius
2186 2071 2365 2156 dicit,
2410 2075 2485 2136 ut
2520 2071 2953 2136 Herculeos
2996 2069 3205 2136 fama

641 2181 760 2240 est
805 2177 1172 2242 fundasse
1221 2181 1560 2258 nepotes,
1635 2177 1780 2242 ideo
1831 2199 1985 2262 ergo
2034 2177 2127 2240 ait
2174 2177 2367 2262 ‘quod
2408 2177 2723 2242 Romulus
2762 2199 2911 2242 acer
2952 2179 3203 2260 asylum

639 2285 914 2372 retulit',
979 2285 1100 2350 hoc
1145 2289 1248 2348 est
1289 2285 1444 2348 fecit
1493 2285 1578 2348 acl
1621 2285 2057 2348 imitationem
2102 2283 2519 2348 Atheniensis
2580 2285 2769 2366 asyli:
2830 2283 2997 2366 quod
3062 2285 3203 2348 ideo
3242 2297 3311 2344 15

637 2391 958 2456 Romulus
1003 2391 1186 2476 fecit,
1233 2395 1306 2456 ut
1351 2393 1620 2456 haberet
1659 2391 1942 2456 advenas
1986 2391 2207 2474 plures
2252 2413 2397 2456 cum
2450 2393 2685 2474 quibus
2732 2391 3039 2456 conderet
3076 2389 3205 2454 Ro-

639 2521 832 2564 mam.
901 2519 1040 2582 eryo
1081 2497 1334 2562 ‘retulit’
1377 2505 1492 2564 aut
1531 2499 1804 2564 restituit
1847 2503 1961 2562 aut
1996 2499 2357 2562 nominavit.
2432 2499 2753 2562 Iuvenalis
2796 2497 2995 2582 <VIII
3026 2497 3203 2580 272>

639 2609 718 2672 et
767 2609 1026 2670 tamen
1085 2609 1162 2668 ut
1219 2607 1450 2688 longe
1501 2609 1816 2689 repetas
1879 2605 2265 2690 longeque
2332 2605 2687 2668 revolvas
2746 2627 3047 2688 nomen,
3110 2605 3203 2668 ab

637 2711 916 2776 infami
967 2715 1270 2798 gentem
1321 2711 1630 2774 deducis
1691 2712 1930 2794 asylo,
2012 2733 2161 2776 sane
2206 2711 2315 2774 1106
2356 2733 2483 2774 wion
2530 2713 2615 2774 ad
2660 2711 2961 2776 Euandri
2990 2731 3203 2792 perso·

635 2843 788 2884 nam
835 2819 1212 2902 adplicatur,
1255 2819 1420 2898 quod
1469 2821 1598 2900 ipse
1639 2819 1884 2882 Aeneae
1931 2819 2219 2882 retulerit.
3238 2831 3311 2876 20

821 2927 968 2992 343.
1041 2943 1310 2990 GELIDA
1357 2943 1736 2992 MONsTRA'r
1793 2943 1920 2990 sz
1970 2943 2149 2990 RVPE
2200 2941 2569 2990 LVPERCAL
2626 2925 2747 2990 sub
2808 2927 3029 2990 monte
3082 2923 3203 2990 Pa-

635 3035 844 3099 latino
889 3039 990 3098 est
1027 3035 1348 3116 quaedam
1387 3033 1722 3116 spelunca,
1767 3031 1836 3096 in
1873 3055 2001 3116 qua
2042 3017 2349 3114 de‘capro
2388 3033 2717 3116 luebatur,
2764 3035 2831 3096 id
2868 3035 2969 3096 est
3008 3033 3205 3098 sacri-

637 3143 980 3206 ficabatur:
1025 3139 1198 3206 unde
1243 3143 1312 3204 et
1355 3141 1642 3224 lupercal
1689 3163 1822 3206 non
1861 3141 2031 3206 nulli
2080 3143 2323 3206 dictum
2368 3145 2617 3224 putant.
2700 3143 2813 3206 alii
2846 3141 3019 3226 quod
3064 3141 3201 3206 illic

637 3249 790 3332 lupa
837 3249 1114 3312 Remum
1163 3253 1228 3312 et
1273 3245 1622 3314 Romulum
1669 3249 1995 3314 nutrieritz
2058 3249 2191 3330 alii,
2250 3251 2425 3332 quod
2472 3251 2539 3312 et
2552 3247 2939 3332 *Vm-gilius,
2984 3251 3203 3314 10611111

639 3377 780 3418 6336
837 3355 1006 3418 1111116
1067 3357 1390 3420 sacratum
1447 3353 1636 3440 Pani,
1697 3355 1814 3420 deo
1859 3355 2205 3440 Arcadiae,
2260 3357 2363 3420 cui
2422 3355 2617 3420 etiam
2678 3377 2861 3420 mons
2914 3355 3201 3440 Lycaeus
3238 3369 3307 3416 25
3392 3425 3397 3428 ,

637 3461 710 3524 in
745 3461 1024 3526 Arcadia
1063 3465 1472 3526 consecratus
1509 3465 1624 3524 est.
1693 3465 1756 3524 et
1795 3461 2003 3526 dictus
2042 3461 2357 3546 Lycaeus,
2412 3463 2581 3546 quod
2626 3462 2823 3546 lupos
2858 3485 2989 3524 non
3032 3461 3203 3526 sinat

637 3569 712 3632 in
765 3589 916 3632 oves
975 3569 1244 3634 saevire.
1339 3591 1492 3654 ergo
1555 3567 1700 3632 ideo
1759 3570 1828 3631 et
1879 3569 2185 3632 Euander
2242 3569 2363 3634 deo
2432 3569 2647 3654 gentis
2710 3591 2861 3634 suae
2926 3571 3203 3634 sacravit

635 3677 850 3740 locum
897 3679 966 3740 et
1005 3677 1370 3750 nominavit
1425 3677 1734 3758 lupercal,
1801 3675 1971 3758 quod
2024 3677 2343 3758 praesidio
2390 3677 2595 3762 ipsius
2644 3677 2925 3740 numinis
2970 3677 3109 3760 lupi
3158 3701 3197 3740 a

637 3781 988 3866 pecudibus
1027 3789 1434 3848 arcerentur.
1523 3789 1672 3846 sunt
1721 3785 1832 3862 qua·
1881 3785 2095 3848 dicant
2144 3785 2307 3848 himo
2348 3785 2553 3848 Πᾶνα
2606 3779 2955 3866 ἐνυάλιον,
3016 3785 3195 3848 deum

781 3983 818 4028 4
853 3977 910 4028 in
951 3977 1238 4046 Sallustio]
1281 3979 1398 4046 lug.
1441 3983 1524 4044 12,
1565 3983 1610 4028 5.
1673 3975 1736 4028 cf.
1783 3975 1936 4028 Serv.
1974 3975 2047 4028 ad
2084 3977 2217 4030 Aen.
2248 3977 2273 4028 I
2304 3983 2409 4030 409
2436 3979 2453 4044 ss
2486 3981 2553 4028 10
2590 3979 2887 4044 postquam
2926 3975 3193 4028 Hercules

637 4091 650 4102 .
677 4091 688 4102 .
713 4091 724 4102 .
755 4047 986 4102 deducis
1015 4049 1198 4120 asylo]
1231 4065 1402 4102 exscr.
1435 4049 1710 4116 mythogr.
1739 4047 1766 4100 Ι
1793 4053 1872 4102 60.
1915 4047 1985 4100 cf.
2014 4047 2189 4102 11166
2218 4049 2235 4117 ΙΙ
2270 4055 2331 4100 13
2364 4045 2599 4118 Statius]
2630 4045 2807 4102 Theb.
2828 4047 2933 4100 XII
2950 4053 3055 4100 497
3072 4063 3191 4114 sqq.

783 4235 812 4280 1
853 4227 1096 4280 celerata
1125 4227 1190 4280 F
1209 4229 1228 4298 ΙΙ
1269 4247 1458 4282 cccvn.
1489 4225 1622 4280 ,ΕΗ
1671 4227 1936 4280 trecentis
1970 4227 2105 4280 viris
2144 4227 2453 4294 Stephanus
2490 4227 2507 4296 ΙΙ
2558 4233 2585 4280 3
2626 4225 2977 4297 intellegere]
3022 4227 3197 4280 Luca-

635 4317 740 4352 nus
781 4299 994 4366 (Lucill.
1019 4297 1322 4354 Fabricius
1355 4297 1602 4352 Lucilius
1631 4299 1814 4368 vulyo)
1853 4299 1979 4352 ‘nec
2018 4297 2067 4352 si
2098 4299 2159 4352 te
2186 4301 2415 4366 pectore
2440 4301 2597 4352 uates
2626 4297 2929 4366 accipiam’
2960 4299 3089 4352 add.
3120 4297 3193 4352 D.

633 4371 746 4424 vid.
787 4373 982 4426 Phara
1023 4371 1050 4424 I
1087 4377 1152 4424 63
1201 4373 1220 4442 ΙΙ
1275 4379 1310 4424 4
1345 4371 1516 4442 unde]
1557 4371 1616 4422 ut
1657 4369 1714 4424 F
1757 4371 1776 4440 [Ι
1831 4373 1894 4424 ut
1931 4387 2031 4424 om.
2070 4371 2293 4424 ASMz
2332 4373 2353 4438 ΙΙ
2408 4369 2573 4440 illud]
2612 4369 2757 4424 illud
2794 4371 2879 4424 est
2918 4369 3051 4422 ΕΗ
3090 4371 3199 4434 (est

637 4441 738 4496 del.
779 4445 862 4512 1)]
909 4449 940 4496 7
979 4441 1222 4496 sibillam
1263 4443 1320 4496 R
1375 4443 1636 4496 sibullam
1677 4439 1742 4494 H
1771 4443 1792 4512 ΙΙ
1831 4445 1864 4494 8
1905 4441 2177 4496 aeneades
2212 4441 2339 4496 LH
2350 4443 2427 4494 M
2456 4441 2475 4510 ΙΙ
2522 4447 2585 4496 10
2624 4461 2849 4494 nnrvmzr
2892 4441 3047 4504 libri,
3082 4441 3197 4494 nisi

637 4513 780 4580 quod
817 4533 1070 4568 narrum*
1105 4531 1142 4568 a
1171 4517 1190 4587 ΙΙ
1231 4521 1298 4568 12
1337 4517 1448 4568 sibi
1483 4515 1686 4568 asilum
1721 4511 1892 4580 primi
1927 4513 1979 4566 L
2016 4515 2037 4584 ΙΙ
2072 4529 2231 4584 mage
2272 4513 2323 4566 L
2360 4511 2801 4582 (misericordiae
2836 4513 2879 4580 l)
2918 4511 3045 4564 mae
3082 4511 3155 4562 H
3182 4509 3197 4580 Η

645 4589 710 4636 13
745 4583 998 4640 hercules
1027 4587 1090 4640 F
1111 4589 1128 4656 ΙΙ
1175 4593 1238 4640 14
1279 4589 1386 4658 est]
1429 4589 1484 4640 et
1523 4585 1582 4640 F
1603 4587 1624 4658 ΙΙ
1665 4591 1728 4640 15
1769 4583 1874 4638 1106
1915 4587 1999 4638 est
2036 4587 2309 4656 templum
2344 4583 2483 4640 fecit
2526 4583 2597 4636 M
2620 4585 2639 4652 ΙΙ
2680 4587 2743 4634 17
2786 4599 2919 4648 ergo
2958 4623 2967 4634 .
3002 4625 3017 4636 .
3048 4621 3059 4632 ·
3096 4599 3197 4634 no-

637 4655 874 4710 minavit
911 4673 1024 4712 non
1063 4661 1234 4712 edidit
1271 4661 1478 4712 Daniel
1503 4661 1524 4728 ΙΙ
1569 4663 1632 4712 18
1675 4655 1754 4724 et]
1797 4655 1894 4708 sed
1931 4657 1983 4710 L
2012 4658 2033 4727 ΙΙ
2066 4658 2153 4729 ut]
2192 4659 2249 4712 et
2288 4655 2417 4710 LH
2436 4656 2453 4725 ΙΙ
2488 4655 2661 4722 longe
2696 4653 2921 4718 repetas
2954 4667 3055 4706 om.
3086 4653 3151 4704 F
3182 4651 3197 4722 Η

637 4727 926 4782 reuoluam
965 4729 1024 4782 F
1049 4733 1066 4802 ΙΙ
1095 4737 1162 4784 19
1201 4729 1404 4784 asilum
1439 4733 1490 4784 A
1549 4731 1766 4798 asylum
1807 4727 1848 4780 S
1903 4727 2043 4784 asilo
2074 4729 2235 4798 LFn
2264 4733 2331 4780 20
2370 4727 2545 4796 quod]
2582 4727 2711 4790 fort.
2742 4723 2907 4790 quasi
2932 4725 2951 4790 ΙΙ
2978 4729 3047 4778 23
3084 4741 3197 4776 non

639 4793 782 4848 nulli
819 4801 1020 4866 putant
1059 4803 1270 4856 dictum
1309 4805 1418 4858 AS
1453 4805 1468 4874 [Ι
1517 4807 1584 4854 24
1621 4799 1774 4868 quod
1813 4803 1870 4852 et
1907 4799 2161 4868 uirgilius
2198 4799 2411 4852 RLH:
2450 4795 2601 4862 quod
2642 4797 2725 4850 est
2764 4793 2951 4848 uerius
2990 4793 3197 4848 ASFl

637 4867 790 4934 quod
827 4871 914 4922 est
951 4873 1070 4928 ueri
1105 4873 1342 4928 similius
1383 4877 1456 4928 M
1479 4875 1498 4944 ΙΙ
1527 4879 1594 4928 25
1633 4889 1750 4926 6336
1789 4887 1890 4924 om.
1921 4871 1973 4922 R
2004 4873 2023 4941 ΙΙ
2050 4877 2117 4926 26
2156 4873 2255 4928 est·
2278 4887 2375 4924 om.
2410 4865 2511 4936 Fu
2540 4865 2687 4934 quod
2724 4859 2929 4928 λύκους
2964 4867 3075 4922 hoc
3114 4867 3199 4920 est

609 4937 804 5006 ·lup0s
841 4939 1142 5000 Fabricius
1183 4949 1202 5018 ΙΙ
1245 4947 1382 5000 sinit
1419 4947 1468 5000 L
1515 4947 1536 5016 ΙΙ
1579 4951 1648 4998 29
1689 4943 1816 4996 sunt
1853 4943 1948 5010 qui
1988 4943 2179 5000 dicant
2216 4985 2227 4996 .
2260 4985 2273 4994 .
2306 4983 2315 4994 .
2354 4939 2575 4992 februm
2612 4937 2897 4992 vocabant
2928 4939 3051 4992 hab.
3096 4937 3149 4988 T
3182 4937 3197 5002 ἓξ

643 5009 796 5080 8111113]
835 5011 894 5064 in
935 5013 994 5066 F
1015 5019 1036 5088 u
1065 5019 1232 5072 Πᾶνα
1275 5015 1564 5086 ἐνυάλιον]
1599 5033 1750 5084 pana
1791 5013 2051 5082 enyalion
2092 5015 2141 5068 T
2188 5029 2415 5084 paneny
2450 5007 2549 5062 alii
2576 5007 2641 5060 F
2672 5009 2945 5076 (panaens
2986 5007 3085 5060 alii
3128 5007 3197 5064 G)

639 5081 850 5134 Panem
887 5083 988 5138 alii
1025 5089 1232 5144 Daniel
1267 5093 1288 5158 ΙΙ
1333 5091 1498 5144 deum
1537 5087 1708 5144 fuisse
1743 5085 2075 5139 bellicosum
2120 5087 2171 5138 T
