3900 5784
711 621 840 686 136
1869 615 2113 674 SERVII

897 783 1042 876 140.
1101 799 1452 850 DVPLIOES
1479 783 1662 866 duos.
1791 799 2015 848 GAELO
2046 783 2265 844 autem
2292 777 2633 864 Venerem,
2660 797 2889 846 EREBO
2918 777 3269 846 Anchisen.

893 891 1040 954 141.
1103 907 1332 954 OAELo
1381 907 1650 954 CLARVS
1697 907 1790 954 AB
1833 905 2023 954 Amo
2068 887 2139 952 in
2186 887 2561 972 serenitate,
2620 887 2791 972 quod
2836 891 2937 954 est
2986 889 3269 972 augurii3

711 1021 862 1062 nam
911 997 976 1062 in
1023 997 1306 1062 nubibus
1349 1017 1550 1064 causa
1591 999 1710 1060 est.

893 1105 1042 1170 142.
1109 1119 1344 1170 RADns
1395 1123 1480 1170 ET
1531 1119 1716 1168 AVRO
1779 1101 1973 1168 radiis
2028 1101 2257 1166 aureis,
2434 1119 2819 1166 ARDENTEM
2864 1121 3103 1170 NVBEM
3154 1105 3271 1170 alii

639 1223 674 1272 5
711 1211 960 1278 fulmen
991 1211 1230 1276 nubem
1269 1211 1600 1278 ardentem
1641 1209 1890 1294 dicunt,
1935 1211 2009 1272 ut
2048 1207 2339 1274 Lucanus
2382 1209 2485 1294 <X
2516 1209 2687 1294 503>
2726 1213 2953 1294 atque
2996 1211 3271 1276 ardens

711 1323 888 1384 aere
955 1319 1150 1402 sole,
1215 1341 1374 1404 quos
1437 1319 1562 1384 hoc
1623 1317 1764 1380 loco
1827 1319 2085 1382 secutus
2146 1319 2261 1382 est.
2350 1317 2461 1381 alii
2520 1317 2769 1380 fulmen
2820 1317 3043 1382 dieunt
3100 1317 3271 1384 aeris

711 1425 1020 1488 scissione
1087 1427 1422 1490 ardentem
1475 1425 1736 1506 rimam,
1801 1445 1961 1506 quos
2020 1423 2179 1488 alibi
2234 1425 2525 1506 sequitur
2576 1421 2797 1488 dicens
2844 1423 3051 1506 <VIII
3098 1425 3273 1506 392>

711 1533 942 1616 ignea
985 1531 1182 1596 rima
1225 1533 1514 1596 micans
1563 1531 1950 1614 percurrit
1998 1529 2293 1596 lumine
2334 1531 2661 1594 nimbos,

895 1639 1040 1704 146.
1113 1653 1468 1704 CERTATIM
1527 1653 1973 1702 INSTAVRANT
2038 1653 2303 1702 EPVLAs
2362 1635 2485 1702 hoc
2544 1639 2647 1702 est
2688 1635 2911 1720 (134)
2966 1635 3065 1700 ‘et
3120 1637 3275 1702 vina

605 1753 678 1804 10
713 1745 1008 1830 reponite
1063 1745 1350 1810 mensis’.
2420 1827 2423 1830 ⁴

513 1845 518 1852 ’
893 1855 1040 1918 147.
1111 1871 1286 1918 VINA
1341 1869 1716 1920 CORONANT
1773 1875 1894 1936 pro
1952 1851 2295 1936 ‘pateras'.
2470 1869 2719 1916 MAGNO
2780 1853 2995 1914 autem
3052 1867 3273 1914 οΜΙΝΕ

711 1961 976 2026 caelesti
1023 1959 1206 2024 dicit:
1251 1959 1416 2024 alibi
1463 1959 1604 2044 <111
1653 1959 1826 2042 374>
1873 1981 2047 2024 nam
2090 1963 2167 2022 te
2212 1959 2647 2024 maioribus
2692 1957 2805 2022 ire
2848 1977 2983 2042 per
3034 1957 3275 2022 altum

713 2067 1088 2150 auspiciis
1135 2065 1562 2130 manifesta
1605 2065 1824 2130 fides„

893 2171 1040 2238 150.
1109 2189 1302 2238 HAEC
1343 2187 1600 2238 FONTIS
1647 2187 1928 2238 STAGNA
1970 2189 2217 2238 NVMICI
2262 2173 2395 2238 ista
2438 2175 2569 2238 iam
2614 2173 2697 2238 ab
2744 2171 2971 2238 incolis
3022 2171 3275 2238 discun-

607 2289 674 2338 15
713 2283 840 2346 tur.
915 2278 1086 2362 quod
1131 2283 1350 2344 autem
1389 2279 1484 2342 ait
1523 2277 1806 2362 ‘stagna’
1849 2299 2073 2342 verum
2122 2284 2243 2342 est:
2294 2289 2447 2342 nani
2478 2275 2797 2344 Numicus
2840 2277 3073 2364 ingens
3120 2281 3275 2344 ante

711 2385 948 2450 fluvius
1001 2385 1156 2476 fuit,
1211 2387 1282 2450 in
1339 2409 1464 2470 quo
1521 2389 1854 2468 repertum
1913 2367 2009 2448 est
2068 2385 2339 2448 cadaver
2388 2385 2647 2448 Aeneae
2702 2388 2769 2449 et
2808 2387 3275 2450 consecratum.

711 2495 864 2576 post
909 2493 1232 2576 paulatim
1281 2493 1652 2556 decrescens
1701 2491 1768 2554 in
1817 2491 2067 2557 fontem
2110 2491 2413 2556 redactus
2460 2493 2605 2574 est,‘
2634 2489 2743 2576 qui
2792 2493 2855 2556 et
2906 2493 3045 2576 ipse
3082 2493 3277 2556 sicca-

711 2603 822 2664 tus
867 2603 968 2664 est
1011 2599 1218 2664 sacris
1263 2599 1692 2680 interceptus:
1733 2595 1977 2662 Vestae
2020 2597 2193 2662 enim
2234 2599 2433 2662 libari
2466 2619 2599 2662 non
2638 2599 2765 2684 nisi
2804 2597 2877 2662 de
2916 2599 3041 2662 hoc
3074 2597 3273 2662 fluvio

711 2705 968 2772 licebat.

605 2823 676 2872 20
897 2813 1038 2878 152.
1107 2829 1368 2878 ORDINE
1409 2829 1500 2878 AB
1537 2829 1714 2876 OMNI
1747 2811 2041 2876 exomni
2080 2809 2393 2896 qualitate
2434 2811 2853 2898 dignitatum:
2894 2813 3065 2896 quod
3102 2811 3275 2896 apud

717 2919 1044 2984 Romanos
1093 2919 1162 2982 in
1207 2919 1536 3006 legatione
1583 2919 1900 2982 mittenda
1945 2919 2265 3006 hodieque
2314 2924 2619 2986 servatur.

897 3027 1040 3090 153.
1113 3043 1444 3092 AVGVSTA
1477 3043 1574 3090 AD
1599 3013 1888 3092 ⁴lietolmlA
1927 3027 2201 3110 augurio
2236 3029 2629 3092 consecrata.
2700 3027 2851 3092 hinc
2888 3027 3083 3110 paulo
3120 3029 3277 3110 post

717 3133 936 3218 <170>
973 3134 1134 3198 illud
1175 3137 1274 3198 est
1323 3133 1596 3198 ‘tectum
1635 3137 2017 3216 augustum,
2052 3131 2335 3216 ingens'.
2410 3141 2471 3198 et
2516 3135 2641 3198 nisi
2688 3135 2755 3198 in
2806 3135 3079 3220 augusto
3128 3133 3275 3198 Ioco

715 3241 1056 3306 consilium
1111 3243 1368 3306 senatus
1427 3241 1668 3306 habere
1719 3263 1854 3306 non
1907 3243 2193 3324 poterat:
2258 3241 2431 3306 unde
2480 3243 2801 3324 templum
2842 3241 3085 3306 Vestae
3142 3263 3277 3306 non

609 3357 674 3408 25
715 3347 842 3412 fuit
897 3349 1170 3432 augurio
1233 3351 1704 3432 consecratum,
1763 3369 1848 3412 ne
1909 3347 2071 3414 illuc
2126 3349 2499 3414 conveniret
2562 3351 2849 3432 senatus,
2916 3347 3027 3412 ubi
3088 3351 3277 3414 erant

715 3683 792 3738 HI
833 3573 1028 3738 34202111
1211 3613 1438 3684 rimam]
1477 3627 1644 3668 exscr.
1689 3627 1884 3666 comm.
1915 3611 2049 3666 Luc.
2080 3609 2127 3664 Χ
2158 3617 2279 3666 503.
2338 3611 2405 3666 of.
2436 3611 2773 3688 Luce-Hac.
2814 3613 2885 3666 ad
2926 3613 3067 3670 Stat.
3094 3601 3271 3666 Theb.

717 3935 948 3990 herceus
983 3935 1038 3990 id
1083 3939 1164 3990 est
1205 3935 1414 3990 diuisus
1455 3933 1588 4006 quia
1621 3951 1722 3990 ara
1753 3933 1908 3988 illius
1937 3951 1973 3988 a
1996 3931 2201 3988 ceteris
2228 3933 2459 3988 deorum
2484 3935 2593 3988 aris
2632 3933 2817 3988 diuisa
2850 3935 2973 3990 erat
3000 3935 3061 3988 et
3088 3933 3273 3990 cultus

707 4007 976 4074 specialis
1003 4005 1104 4062 ’1111
1137 4007 1462 4062 debebatur.
1515 4009 1752 4060 uocatur
1789 4005 2047 4060 feretrius
2086 4023 2119 4058 a
2144 4005 2371 4060 ferendo
2414 4005 2683 4060 auxilium
2718 4005 2851 4074 quia
2888 4023 3057 4074 saepe
3090 4021 3275 4060 roma-

715 4077 800 4132 nis
839 4077 898 4130 in
937 4077 1090 4134 bello
1123 4077 1326 4148 positis
1363 4081 1422 4132 et
1461 4093 1516 4132 se
1557 4077 1948 4132 inuocantibus
1984 4075 2251 4128 auxilium
2290 4075 2553 4130 uincendi
2588 4077 2755 4130 dedit.
2822 4095 2885 4132 ex
2926 4077 3035 4132 alio
3072 4077 3271 4132 scholio

717 4149 788 4202 ad
827 4151 990 4204 verba
1023 4151 1128 4204 illa
1163 4151 1446 4218 adscripto
1481 4147 1716 4218 Hayeno
1757 4149 1888 4200 haec
1937 4149 2109 4214 diyna
2152 4149 2273 4200 visa
2320 4151 2451 4200 sunt
2484 4165 2623 4214 quae
2660 4149 3091 4204 exscriberentur
3124 4147 3271 4202 fere·

715 4217 858 4272 ttius
885 4233 918 4272 a
949 4219 1176 4272 ferendo
1217 4217 1350 4286 quia
1377 4217 1740 4286 simulacrum
1775 4219 1894 4272 eius
1935 4217 1993 4270 in
2026 4215 2251 4270 uexillis
2290 4233 2643 4272 romanorum
2686 4219 2983 4272 ferebatur.
3012 4219 3031 4286 ΙΙ
3060 4233 3277 4272 munau

717 4305 814 4342 om.
855 4287 1006 4342 HM
1045 4291 1066 4360 11
1119 4291 1220 4344 aut
1253 4305 1356 4346 om.
1389 4289 1504 4344 AS
1541 4291 1716 4356 (supr.
1751 4305 1884 4344 vers,
1925 4287 2055 4340 add.
2094 4289 2147 4356 a)
2196 4287 2215 4356 11
2266 4287 2527 4356 contigue
2566 4287 2761 4342 RFa:
2806 4289 3127 4356 contiguere
3166 4287 3277 4344 AS

717 4359 1016 4428 contingue
1045 4359 1188 4414 ΕΜ
1239 4359 1496 4416 conticue
1527 4359 1596 4412 H
1643 4359 1902 4414 continue
1931 4375 1983 4410 m
2010 4357 2029 4426 ΙΙ
2058 4357 2209 4424 quod.
2236 4357 2347 4410 AS
2368 4359 2387 4428 ΙΙ
2422 4363 2539 4422 135,
2572 4363 2635 4412 28
2676 4359 2807 4428 rite]
2844 4375 2911 4412 ex
2950 4357 3143 4414 ordine
3174 4359 3247 4412 M
3256 4361 3277 4414 l

715 4427 736 4500 [Ι
775 4429 1054 4500 solempni
1093 4431 1146 4486 R
1203 4429 1500 4500 sollempni
1537 4431 1602 4482 Η
1651 4429 1888 4500 solemni
1925 4429 1981 4482 L
2032 4429 2055 4498 ΙΙ
2108 4435 2137 4484 1
2182 4445 2347 4482 cAano
2388 4447 2665 4492 annnoqvn
2712 4429 2867 4484 caelo
2918 4431 3103 4486 autem
3148 4431 3223 4486 M
3252 4431 3273 4502 Η

2380 4531 2413 4558 V
2614 4533 2645 4558 V

719 4577 750 4626 2
781 4575 1142 4630 serenitatem
1169 4573 1242 4626 H
1259 4575 1278 4644 11
1305 4579 1342 4626 3
1377 4589 1510 4626 nam
1537 4611 1550 4626 .
1577 4613 1590 4626 .
1611 4615 1624 4628 .
1653 4587 1824 4626 causa
1857 4571 1969 4642 est]
2008 4587 2137 4626 nam
2178 4571 2229 4626 si
2260 4571 2417 4626 caelo
2456 4571 2645 4626 nubilo
2686 4573 2855 4626 fuerit
2890 4591 3063 4628 causa
3100 4575 3191 4628 est
3214 4575 3277 4630 F

717 4659 852 4698 nam
889 4645 938 4698 si
975 4647 1192 4700 caelum
1229 4645 1486 4700 nubilum
1519 4641 1692 4698 fuerit
1729 4659 1894 4698 causa
1933 4645 2017 4698 est
2048 4643 2101 4698 G
2152 4661 2283 4698 nam
2322 4641 2377 4696 in
2414 4643 2653 4698 nubibus
2694 4643 2943 4698 fulminis
2980 4661 3149 4698 causa
3190 4647 3275 4700 est

719 4709 778 4768 D
813 4715 834 4785 ΙΙ
879 4723 910 4770 6
951 4717 1090 4770 ari-is
1125 4717 1180 4770 R
1217 4719 1236 4788 ΙΙ
1281 4721 1314 4770 7
1353 4715 1592 4772 scisione
1625 4713 1740 4770 AS
1773 4715 1792 4786 ΙΙ
1839 4721 1870 4770 9
1905 4713 2013 4770 hoc
2054 4715 2141 4770 est
2180 4715 2271 4768 M:
2312 4713 2369 4768 id
2408 4713 2493 4766 est
2526 4715 2807 4782 ASHF,
2842 4731 2947 4770 om.
2974 4713 3053 4782 R,
3090 4717 3155 4768 ut
3192 4719 3277 4770 est

719 4785 770 4838 L
795 4785 816 4854 11
849 4785 924 4854 et]
965 4789 1028 4842 ut
1055 4789 1112 4842 R
1137 4791 1154 4860 ΙΙ
1189 4795 1252 4842 11
1291 4791 1514 4856 pateras
1541 4785 1744 4840 ASFz
1779 4785 1993 4854 pateris
2016 4785 2221 4842 RLH
2224 4785 2299 4838 M
2304 4803 2353 4840 a.
2410 4787 2477 4838 ut
2512 4785 2651 4842 alibi
2690 4785 2787 4854 (ΙΙΙ
2818 4787 2945 4854 525)
2984 4785 3275 4856 ‘magnum

723 4859 936 4912 cratera
967 4875 1170 4914 corona
1197 4857 1402 4914 induit’
1437 4859 1566 4916 add.
1589 4857 1646 4912 D
1673 4859 1692 4930 ΙΙ
1725 4863 1788 4910 14
1819 4857 2041 4912 discunt
2068 4857 2179 4912 AS
2228 4857 2485 4910 dicuntur
2510 4857 2569 4912 R
2594 4861 2611 4930 ΙΙ
2646 4863 2711 4912 15
2746 4857 2833 4910 ait
2864 4853 3037 4912 fontis
3076 4861 3277 4930 stagna

725 4929 1034 4982 Maevicius
1061 4931 1082 5000 ΙΙ
1111 4933 1312 5000 stanga
1353 4933 1426 4986 M
1451 4935 1470 5004 ΙΙ
1497 4935 1566 4986 16
1605 4929 1957 4986 consecratus
1984 4929 2061 4982 M
2080 4931 2099 5000 [Ι
2128 4935 2193 4984 18
2228 4929 2569 4996 interceptus
2608 4929 2685 4980 M
2692 4947 2743 4980 r:
2784 4925 3109 4998 interceptis
3146 4933 3271 4986 reli-

723 5001 820 5070 qui
847 5001 1004 5072 1111011
1037 5001 1140 5056 del.
1179 5019 1236 5058 m
1257 5003 1278 5072 ΙΙ
1317 5007 1386 5058 20
1423 5021 1494 5058 ex
1527 5001 1680 5058 omni
1719 5019 1818 5058 om.
1847 5001 1959 5056 AS
1982 5001 1999 5072 ss
2026 5000 2305 5070 dignitate
2344 4997 2387 5054 S
2424 5001 2585 5068 (corr.
2618 5001 2665 5068 s)
2694 5001 2713 5070 ΙΙ
2746 5003 2821 5052 24
2854 5015 2969 5054 non
3002 5007 3129 5058 ante
3168 5003 3275 5056 fuit

725 5087 822 5126 om.
865 5071 948 5142 R,
985 5087 1134 5142 supr.
1173 5089 1304 5130 vers,
1347 5075 1474 5130 add.
1509 5089 1540 5128 r
2746 5049 2753 5106 l

2740 5161 2749 5212 s*

2722 5213 2743 5286 ⁴j!
