3900 5784
1275 603 1500 660 COMM.
1539 603 1620 658 IN
1655 603 1874 658 VERG.
1915 601 2079 656 AEN.
2120 601 2195 654 VI
2238 607 2531 656 evo-692.
3106 603 3191 666 95

639 775 886 834 certum
939 769 1364 834 includebant
1415 791 1530 852 per
1587 773 1834 852 parteS,
1899 771 1967 830 et
2020 789 2099 830 ex
2154 769 2347 832 unius
2400 787 2665 830 numero
2728 769 2969 848 quanta
3022 769 3193 828 esset

641 875 960 940 videbant.
1045 873 1216 960 quod
1263 873 1506 938 Xerxes
1551 875 1632 938 de
1677 897 1792 940 suo
1841 873 1997 938 fecit
2040 875 2347 940 exercitu.

817 983 964 1046 682.
1041 997 1408 1056 GAROSQVE
1473 999 1784 1048 NEPOTES
1853 983 2175 1066 posteros:
2248 981 2411 1046 sicut
2474 1003 2591 1064 per
2650 1003 2857 1044 nurus
2914 979 3193 1044 feminas

645 1087 882 1152 dicunt.

821 1195 966 1260 683.
1041 1211 1364 1272 FATAQVE
1409 1183 1914 1270 FORTVNASQvE
1970 1213 2189 1258 vva
2248 1195 2527 1286 felicitas
2584 1195 2755 1258 enim
2810 1197 2923 1258 aut
2980 1193 3197 1258 fatalis
3236 1201 3265 1248 5

649 1305 772 1384 est,
819 1305 932 1364 aut
981 1301 1280 1386 fortuita,
1327 1305 1440 1366 aut
1491 1323 1564 1362 ex
1611 1301 1852 1364 virtute
1899 1299 2245 1366 descendit.

825 1407 972 1472 685.
1047 1425 1340 1472 ALACRIS
1401 1409 1538 1494 ipsc
1599 1407 1852 1470 alacris,
1941 1413 2011 1470 et
2060 1407 2389 1470 sciendum
2444 1409 2749 1490 antiquos
2794 1413 2863 1472 et
2908 1407 3199 1470 ealacris'

653 1519 718 1576 et
765 1513 1044 1596 ‘alacer',
1099 1519 1164 1578 et
1209 1513 1422 1578 ‘acris'
1473 1517 1536 1578 et
1581 1511 1772 1576 ‘acer’
1815 1517 1953 1574 tam
2006 1511 2079 1572 de
2128 1515 2483 1576 masculino
2530 1535 2727 1594 quam
2770 1515 2851 1576 de
2892 1513 3205 1578 feminino

655 1639 886 1700 genere
915 1619 1170 1684 dixisse.
1229 1641 1398 1684 nunc
1435 1617 1794 1682 masculino
1833 1621 2173 1700 utrumque
2208 1601 2455 1698 da‘muS,
2496 1617 2569 1680 de
2602 1617 2911 1682 feminino
2944 1619 3203 1684 ‘alacer'
3244 1619 3257 1634 ‘

657 1727 720 1788 et
765 1725 952 1790 ‘acer’
1001 1747 1354 1808 numquam
1399 1723 1696 1806 (1131111113,
1735 1725 1890 1788 licet
1923 1723 2169 1788 Ennius
2218 1725 2449 1814 dixerit
2494 1729 2869 1788 aestatem
2914 1729 3207 1790 autum·
3250 1733 3313 1780 10

657 1853 794 1896 nus
843 1829 1280 1916 (sequitur),
1335 1835 1514 1914 post
1569 1851 1742 1896 acer
1785 1831 2087 1916 hiemps
2136 1831 2227 1896 it:
2282 1853 2433 1894 nam
2482 1815 2629 1896 inde
2674 1833 2777 1894 est
2824 1829 3103 1896 ‘alacer'.

837 1939 984 2002 686.
1041 1953 1246 2002 GENIS
1275 1935 1624 2020 palpebris:
1653 1935 1904 2002 Ennius
1931 1939 2013 2000 de
2040 1937 2399 2002 dormiente
2428 1937 2927 2020 inprimitque
2974 1959 3211 2022 genae

663 2063 948 2128 genam.
1131 2061 1416 2108 EXCIDIT
1465 2061 1602 2110 ORE
1653 2043 1838 2126 quasi
1887 2045 2047 2108 seni:
2106 2045 2273 2128 quod
2320 2045 2491 2106 circa
2536 2043 2867 2108 Anchisen
2910 2049 3217 2128 reservat,

663 2153 734 2214 ut
783 2149 894 2232 <11
929 2151 1104 2232 658>
1153 2153 1604 2234 tantumque
1649 2151 1868 2214 nefas
1913 2151 2171 2234 patrio
2222 2151 2511 2238 excidit
2556 2173 2701 2214 ore.

783 2301 796 2308 -
843 2257 992 2322 687.
1063 2275 1350 2322 VENISTI
1399 2275 1686 2322 TANDEM
1743 2259 1866 2322 1103
1923 2259 2005 2322 ad
2058 2257 2383 2322 adfectum
2434 2259 2725 2342 pertinet
2770 2255 3219 2322 desiderantis:
3260 2265 3323 2312 15

671 2363 830 2428 31133
885 2365 1086 2430 oritur
1137 2367 1422 2448 quaestio
1461 2365 1636 2448 quod
1675 2365 1830 2430 dicit
1871 2364 2084 2448 <690>
2128 2365 2243 2430 ‘sic
2280 2365 2575 2448 equidem
2618 2365 2925 2430 ducebam
2966 2363 3225 2428 auimo'.

759 2487 1174 2534 EXPECTATA
1221 2473 1524 2564 probata,
1565 2473 1644 2534 ut
1687 2469 1896 2554 <VIII
1941 2469 2115 2552 151>
2160 2475 2237 2536 et
2280 2469 2509 2532 rebus
2556 2475 2911 2554 spectata
2958 2471 3223 2534 iuven-

669 2579 812 2640 tus.
885 2577 1008 2640 1103
1055 2581 1274 2640 autem
1311 2577 1496 2640 dicit:
1543 2581 1658 2640 tua
1701 2577 1914 2658 pietas
1962 2577 2127 2640 mihi
2170 2597 2421 2698 semper
2470 2577 2769 2660 probata,
2812 2599 2987 2640 nunc
3028 2577 3229 2640 etiam

673 2683 818 2748 iter
867 2683 1648 2768 durun1’avicit‚scili0et
1687 2683 2063 2748 inferorum.

851 2791 1002 2856 689.
1071 2809 1162 2854 ΕΤ
1207 2807 1434 2856 NOTAS
1493 2807 1758 2854 AVDIRE
1811 2807 1902 2852 ET
1960 2807 2291 2854 REDDERE
2352 2805 2573 2854 VOCES
2632 2791 2699 2852 id
2756 2795 2841 2854 esc
2896 2789 3229 2854 familiari·
3268 2797 3337 2844 20

675 2901 778 2960 ter
819 2895 1020 2982 loqui.
1079 2895 1084 2900 ’

855 3003 1004 3066 690.
1075 3021 1444 3080 REBARQVE.
1495 3019 1828 3066 FVTVRVM
1887 3001 2283 3084 arbitrabar,
2338 3001 2777 3066 ratiocinabar
2824 3023 2963 3066 esse
3010 3006 3237 3067 ventu-

679 3131 850 3174 rum:
897 3131 1014 3192 per
1059 3111 1230 3192 quod
1279 3107 1714 3192 intellegimus
1761 3107 2049 3172 fataliter
2086 3109 2345 3174 Aenean
2398 3111 2479 3172 ad
2524 3109 2765 3174 inferos
2810 3109 3241 3174 descendisse.

681 3237 812 3280 non
861 3215 1034 3278 enim
1075 3215 1224 3300 nisi⁴
1251 3215 1482 3280 fatalia
1531 3213 2107 3300 deprehenduntur.

863 3323 1014 3388 691.
1083 3339 1222 3388 NEC
1271 3341 1368 3388 ME
1403 3341 1550 3388 ΜΕΑ
1591 3339 1774 3386 CVRA
1819 3339 2167 3386 FEFELLIT
2214 3343 2333 3386 nec
2382 3321 2635 3406 decepit
2676 3345 2779 3384 me
2826 3321 3239 3386 dulcissimus
3274 3327 3345 3374 25

687 3429 888 3494 filius:
933 3451 1086 3494 nam
1125 3429 1456 3516 vocativus
1509 3431 1606 3492 est
1655 3429 1830 3492 ‘mea
1869 3427 2069 3510 cura',
2118 3429 2181 3492 id
2232 3431 2329 3492 est
2376 3431 2465 3492 tn.
2526 3431 2591 3490 et
2638 3427 2881 3492 dictum
2924 3431 3025 3492 est
3070 3429 3241 3492 sicut

689 3535 798 3618 <X
841 3537 1014 3618 132>
1057 3533 1388 3610 Veneris
1433 3535 1876 3600 iustissima
1921 3555 2123 3598 cura.

869 3643 1018 3706 692.
1089 3659 1268 3720 QVAs
1311 3657 1454 3706 EGO
1505 3657 1590 3704 ΤΕ
1639 3657 1902 3706 TERRAs
1939 3659 2033 3704 ET
2072 3657 2361 3718 QVANTA
2406 3657 2539 3702 PER
2588 3657 2917 3714 AEQVORA
2962 3657 3247 3702 VECTVM

693 3747 906 3834 patrie
949 3749 1086 3812 cius
1135 3747 1408 3832 ingemit
1451 3747 1722 3812 casibus.

839 3913 870 3960 7
915 3909 968 3960 et
1007 3905 1292 3960 sciendum
1327 3923 1376 3960 e.
1417 3923 1466 3972 q.
1511 3903 1574 3972 3.]
1617 3903 1686 3954 cf
1727 3903 1955 3972 [Seigii]
2000 3903 2215 3972 explan.
2256 3903 2313 3956 in
2352 3905 2493 3956 Don.
2532 3921 2581 3970 p.
2626 3907 2747 3966 491,
2782 3907 2853 3954 26
2884 3903 2943 3954 Κ.
2978 3904 3101 3973 1110
3138 3901 3247 3954 En·

695 3975 872 4100 &uffi-
869 3993 1012 4030 ..ann
1053 3995 1100 4028 v.
1143 3981 1246 4028 406
1285 3993 1372 4046 ap.
1413 3975 1574 4028 Vahl.
1605 3977 1626 4042 ΙΙ
1673 3979 1736 4026 12
1779 3973 2017 4046 Ennius]
2050 3975 2303 4042 tragoed.
2344 3993 2399 4028 v.
2434 3979 2539 4026 397
2578 3989 2665 4040 ap.
2704 3971 2889 4038 Ribb„
2922 3989 2977 4026 v.
3016 3977 3123 4026 436
3158 3987 3251 4040 ap.

749 4065 786 4102 a

779 4191 782 4194 ’
845 4195 874 4244 1
917 4205 1032 4244 3333
1059 4189 1170 4260 AS
1203 4191 1362 4256 (corr.
1395 4191 1450 4258 a)
1479 4191 1500 4254 ΙΙ
1529 4193 1558 4240 2
1595 4187 1830 4258 Xerxes]
1875 4189 1930 4242 et
1964 4203 2153 4240 xerses
2190 4187 2267 4238 M
2314 4203 2533 4240 exerses
2562 4185 2625 4238 F
2672 4203 2863 4240 xerses
2892 4185 2935 4238 Ο
2958 4187 2979 4254 ΙΙ
3008 4185 3061 4254 et
3100 4201 3253 4238 exer-

693 4261 818 4314 citu
855 4261 906 4314 C
927 4263 1018 4332 ’13
1057 4261 1136 4314 313
1173 4261 1238 4314 Η
1289 4263 1410 4314 sicu
1445 4259 1494 4314 Ο
1517 4261 1538 4326 ΙΙ
1575 4265 1608 4312 6
1649 4257 1983 4314 descendens
2022 4257 2079 4310 F
2104 4261 2125 4326 ss
2166 4263 2193 4310 7
2234 4275 2463 4310 ALACRES
2506 4257 2561 4310 F
2584 4259 2605 4326 11
2642 4257 2925 4326 antiquos]
2970 4271 3111 4326 quos
3146 4255 3199 4308 R
3238 4255 3259 4326 ΙΙ

705 4335 764 4386 et
811 4289 1010 4386 alac'ris
1057 4333 1112 4384 et
1161 4333 1300 4386 amis
1335 4333 1396 4386 et
1431 4347 1560 4386 acer
1595 4333 1656 4384 et
1689 4331 1876 4384 alacer
1913 4329 1973 4384 F
1982 4329 2029 4384 Ο
2074 4329 2095 4399 ΙΙ
2152 4335 2183 4384 8
2222 4333 2281 4384 ct
2314 4327 2455 4382 acris
2498 4331 2553 4382 et
2590 4345 2719 4382 acer
2758 4345 2857 4382 om.
2896 4329 2971 4382 M
3016 4330 3037 4396 ΙΙ
3088 4325 3257 4396 acris]

705 4403 906 4456 ceteris
941 4401 1012 4454 H
1047 4407 1068 4470 ΙΙ
1121 4403 1188 4456 de
1227 4409 1352 4456 ame
1391 4399 1658 4456 feminino
1691 4417 1792 4454 om.
1833 4403 1910 4454 M
1919 4401 1965 4454 Ο
2008 4405 2027 4470 ΙΙ
2082 4407 2149 4452 10
2196 4407 2257 4454 et
2300 4417 2429 4454 acer
2464 4419 2563 4454 om.
2608 4401 2677 4452 M
2732 4417 3035 4468 numquam
3070 4401 3259 4452 alacer

707 4473 962 4526 exhibens
987 4475 1008 4540 fl
1035 4473 1310 4526 auttumn.
1347 4473 1416 4524 H
1433 4475 1454 4540 11
1487 4477 1550 4524 11
1589 4473 1840 4536 sequitur
1879 4489 1906 4524 e
1935 4471 2233 4524 Prisciano
2270 4473 2313 4522 V
2350 4477 2413 4524 17
2454 4473 2503 4540 (Ι
2530 4487 2591 4540 p.
2626 4475 2745 4536 153,
2776 4479 2841 4524 10
2872 4471 2947 4524 H.
2952 4475 2971 4536 )
3012 4471 3205 4524 addidi
3238 4467 3263 4546 j}

709 4543 890 4596 hiems
927 4543 1180 4596 ASRH
1215 4544 1236 4611 ΙΙ
1283 4543 1328 4596 it
1365 4541 1576 4596 ASM:
1617 4541 1692 4594 sit
1725 4543 1924 4610 ‘reliqui
1976 4543 2043 4596 fit
2076 4541 2383 4596 fabricius
2424 4544 2443 4610 ΙΙ
2494 4549 2555 4596 12
2594 4515 2849 4610 inprimit
2890 4541 2961 4594 M
2996 4543 3015 4610 1]
3058 4541 3261 4610 genae]

711 4629 842 4668 rene
881 4615 948 4668 Η
995 4629 1286 4682 genaeque
1325 4613 1404 4666 M
1441 4615 1460 4682 ss
1521 4619 1580 4664 13
1623 4615 1810 4668 seruat
1845 4613 1900 4664 A
1937 4615 2209 4680 (reseruat
2248 4615 2303 4682 a)
2344 4617 2365 4682 ΙΙ
2420 4619 2485 4668 15
2524 4613 2597 4666 ad
2634 4629 2733 4668 om.
2776 4613 2839 4664 H
2870 4615 2967 4680 {lp
2972 4613 3131 4666 eruet
3166 4611 3215 4664 Ο
3250 4611 3265 4682 ¹1

717 4691 786 4740 19
823 4685 1022 4738 durum
1057 4685 1168 4738 iter
1205 4685 1282 4738 M
1303 4685 1324 4752 ΙΙ
1349 4691 1414 4738 21
1455 4683 1614 4752 loqui
1651 4683 2003 4736 familiariter
2042 4685 2115 4736 M
2140 4687 2253 4754 1122
2290 4683 2613 4738 rationabar
2650 4683 2771 4736 AR
2804 4683 2963 4752 (corr.
3004 4685 3059 4752 a)
3088 4683 3111 4752 ΙΙ
3136 4699 3265 4740 ven-

715 4759 904 4808 turum
941 4773 1042 4808 om.
1061 4755 1116 4808 R
1145 4757 1164 4824 u
1191 4761 1260 4808 23
1289 4773 1390 4824 per
1419 4755 1586 4824 quod]
1629 4757 1686 4806 et
1721 4771 1820 4824 per
1857 4755 1965 4806 hoc
1998 4755 2069 4808 M
2092 4757 2115 4824 ΙΙ
2140 4755 2453 4810 fatalittaer
2486 4755 2533 4808 O
2552 4759 2569 4822 u
2598 4759 2667 4808 25
2694 4753 2907 4824 decipit
2932 4753 3043 4822 R(
3028 4757 3183 4822 (covr.
3214 4755 3265 4824 r)

715 4827 734 4896 Η
773 4833 840 4878 26
877 4827 938 4878 id
975 4829 1062 4880 est
1095 4843 1196 4878 om.
1227 4825 1290 4878 F
1311 4827 1330 4894 ΙῙ
1355 4829 1422 4878 tu
1455 4843 1556 4880 om.
1587 4825 1636 4878 G
1657 4827 1678 4894 ΙΙ
1703 4831 1764 4878 et
1797 4827 2037 4896 dietum]
2074 4827 2319 4880 edictum
2348 4827 2417 4878 H
2464 4829 2531 4878 ut
2554 4825 2767 4880 dictum
2798 4827 2845 4878 (J
2870 4829 2887 4894 ΙΙ
2914 4829 3003 4882 est
3034 4843 3135 4884 om.
3166 4825 3229 4880 F
3252 4825 3271 4896 ΙῙ

717 4901 788 4950 28
837 4917 904 4948 TE
947 4911 1050 4950 om.
1087 4897 1158 4948 H
1163 4897 1206 4950 G
1257 4899 1278 4964 ΙΙ
1327 4915 1542 4950 vncrvu
1587 4893 1818 4962 pietatis
1865 4893 2195 4964 magnitudo
2244 4895 2557 4950 ostenditur
2608 4897 2877 4962 (ostendit
2910 4899 3047 4968 cod.)
3104 4915 3271 4976 quom

719 4969 882 5046 pater
929 4983 966 5022 e.
1007 4983 1056 5036 q
1091 4983 1136 5020 3.
1175 4965 1232 5018 D
1287 4967 1308 5034 ΙΙ
1361 4971 1428 5018 29
1475 4965 1658 5036 patrie
1697 4965 1768 5020 O.
1815 4965 2035 5034 patriae
2078 4965 2323 5022 ASRP
2376 4965 2561 5034 patria
2598 4967 2665 5018 H
2710 4971 2929 5040 patriae
2974 4987 3105 5024 nam
3144 4969 3213 5022 M
3254 4967 3271 5018 ¹

719 5035 930 5102 ingemi
963 5037 1026 5090 F
1065 5039 1084 5106 ΙῙ
1131 5055 1292 5090 casus
1329 5037 1392 5088 F
1403 5037 1446 5090 0
