3900 5784
727 651 854 716 288
1121 605 1152 632 ⁹
1881 639 2123 696 ssavn

719 829 922 878 Acrls
975 809 1292 894 ‘magnis’
1347 813 1654 892 quantum
1717 809 1792 872 ad
1851 811 2303 892 paupertatem
2360 809 2705 892 pristinam
2758 811 3065 894 pertinet:
3128 833 3281 876 nam

723 919 998 1004 legimus
1043 921 1316 998 propter
1357 939 1664 1000 equorum
1705 915 1997 1000 inopiam
2034 915 2307 980 diversis
2348 937 2459 980 603
2490 917 2645 980 tunc
2688 939 2837 980 usos
2876 917 3281 982 animalibus.

725 1029 950 1106 raptae
1015 1025 1234 1086 autern
1299 1025 1456 1088 sunt
1517 1021 1794 1088 Sabinae
1863 1019 2295 1086 Consualibus
2310 1073 2327 1106 ,
2386 1021 2511 1086 hoc
2582 1025 2681 1086 6313
2740 1043 2963 1088 1116636
3026 1021 3283 1088 Martio,

721 1129 972 1196 Consus
1027 1133 1246 1192 autem
1301 1129 1458 1194 (16113
1517 1133 1618 1192 6313
1677 1127 2121 1212 6063111011161,
2186 1129 2295 1212 qui
2354 1127 2499 1194 ideo
2558 1127 2871 1212 templum
2936 1129 3053 1196 sub
3108 1127 3281 1196 circo

647 1251 682 1298 5
721 1237 948 1320 habet,
1003 1239 1078 1298 ut
1123 1237 1500 1300 ostendatur
1555 1239 1796 1300 tectum
1855 1257 1993 1298 esse
2052 1235 2283 1300 debere
2340 1235 2709 1300 consilium:
2764 1235 2915 1298 inde
2964 1241 3065 1300 est
3108 1235 3281 1318 quod

721 1347 784 1406 et
845 1343 1024 1406 Fidei
1087 1365 1300 1426 panno
1363 1345 1578 1408 velata
1635 1365 1832 1406 manu
1897 1343 2409 1428 sacrificabatur,
2474 1343 2623 1428 quia
2686 1343 2843 1406 fides
2904 1347 3081 1408 tecta
3140 1365 3283 1406 esse

721 1449 910 1514 debet
959 1451 1022 1512 et
1071 1451 1302 1514 velata.
1391 1451 1538 1514 ideo
1587 1451 1804 1514 autem
1849 1449 2065 1514 dicato
2112 1447 2311 1514 Consi
2364 1451 2711 1514 simulacro
2766 1453 3119 1534 rapuerunt
3170 1449 3281 1514 Sa-

723 1555 940 1640 binaS,
985 1559 1062 1616 ut
1107 1559 1438 1640 tegeretur
1481 1557 1714 1622 initum
1761 1557 1840 1622 cle
1873 1559 2069 1640 rapto
2106 1539 2465 1622 eonsilium.
2530 1559 2653 1622 iste
2692 1549 2939 1622 Consus
2984 1559 3053 1620 613
3086 1579 3281 1640 eques

721 1661 1066 1748 Neptunus
1105 1663 1364 1748 dicitur,
1403 1663 1574 1730 unde
1609 1665 1812 1728 etiam
1849 1665 1918 1730 in
1964 1665 2097 1730 eius
2144 1665 2459 1730 honorem
2496 1665 2817 1730 circenses
2852 1663 3283 1728 celebrantur.

613 1787 682 1832 10
719 1773 936 1832 errant
989 1791 1144 1856 ergo
1207 1771 1318 1856 qui
1347 1769 1590 1836 dieunt
1645 1769 1936 1856 ‘magnis
1982 1771 2413 1838 'circensibus'
2470 1775 2585 1834 aut
2632 1771 3107 1856 Megalesiacis,
3168 1775 3281 1834 aut

723 1873 1064 1960 Romanis,
1109 1901 1268 1962 quos
1321 1881 1576 1942 constat
1615 1877 1756 1940 fieri
1799 1883 1948 1942 ante
1984 1897 2151 1942 ΚΑΒ.
2188 1897 2325 1944 IAN.
2402 1877 2625 1944 ‘actis’
2678 1883 2891 1942 autem
2938 1901 3081 1942 curn
3130 1899 3281 1962 age-

719 1987 968 2066 rentur,
1025 1985 1180 2066 quia
1231 2003 1364 2046 non
1425 1985 1564 2046 erat
1605 2003 1916 2064 praesens
1964 2005 2001 2046 a
2050 1985 2309 2066 passivo
2360 1985 2805 2068 participium,
2866 1987 2939 2048 ut
2984 1983 3059 2066 <I
3110 1983 3279 2066 121>

719 2091 796 2150 et
843 2111 988 2172 qua
1033 2093 1300 2154 vectus
1339 2087 1564 2152 Abas
1701 2105 2147 2154 CIROEN-SIBVS
2196 2089 2509 2154 circenses
2558 2089 2711 2154 dicti
2762 2093 2861 2156 vel
2912 2113 2947 2154 a
2986 2091 3279 2180 circuitu,

717 2195 820 2258 vel
865 2195 1040 2278 quod
1093 2197 1204 2258 ubi
1261 2219 1434 2260 nunc
1487 2199 1702 2260 metae
1747 2199 1930 2280 311613,
1986 2196 2147 2260 01116
2202 2195 2407 2280 gladii
2456 2199 2889 2280 ponebantur,
2948 2219 3109 2280 quos
3158 2197 3281 2258 eir-

613 2319 682 2366 15
717 2303 1070 2366 cumibant.
1161 2303 1314 2368 dicti
1361 2307 1578 2366 autern
1627 2303 1942 2368 circenses
1990 2305 2073 2368 ab
2120 2303 2413 2386 6113111113,
2470 2287 2645 2366 circa
2696 2303 2855 2388 quos
2918 2303 3279 2366 currebant.

717 2431 870 2474 sane
919 2411 1274 2476 notandum
1305 2411 1580 2492 positos
1641 2411 1953 2474 circenses
2004 2411 2143 2474 sine
2188 2411 2543 2474 adiectione
2596 2411 2925 2492 ludorum,
2990 2431 3133 2474 cum
3182 2409 3281 2472 ita

715 2517 1002 2580 dicamus
1053 2517 1238 2580 ludos
1289 2515 1672 2600 theatrales,
1715 2517 1906 2582 ludos
1952 2516 2407 2600 ἓ(316111111301103,
2448 2517 2639 2582 ludos
2684 2519 3019 2582 circenses

895 2623 1042 2688 638.
1115 2641 1502 2688 ROMVLIDIS
1549 2625 1660 2688 hic
1695 2623 1948 2688 dativus
1988 2623 2261 2708 pluralis
2300 2623 2481 2688 venit
2522 2623 2599 2686 ab
2642 2645 2747 2702 60,
2792 2623 2961 2708 quod
3006 2625 3103 2686 est
3148 2621 3277 2686 ehic

713 2729 1112 2796 Romulida'.
1175 2797 1180 2802 ,
1297 2749 1728 2810 CVRIBVSQVE
1789 2747 2071 2798 SEVERIS
2138 2729 2297 2796 mire
2354 2735 2411 2794 et
2458 2733 2673 2796 merito
2730 2731 2895 2794 dixit
2938 2729 3279 2794 eseveris':

607 2853 678 2900 20
715 2861 860 2900 cum
911 2839 1080 2902 enim
1131 2837 1298 2902 filias
1339 2837 1736 2922 perdiderint
1777 2837 2239 2922 Caeninenses,
2278 2837 2723 2924 AntemnateS,
2768 2837 3163 2902 Crustumini
3212 2841 3277 2900 et

715 2941 966 3026 Sabini,
1039 2947 1268 3008 ceteris
1327 2945 1806 3028 quiescentibus
1867 2945 2093 3010 Sabini
2154 2945 2277 3008 3011
2330 2945 2505 3008 bella
2558 2949 2987 3028 sumpserunt.
3078 2945 3275 3008 inter-

717 3053 1126 3116 venientibus
1163 3057 1396 3138 postea
1431 3053 1708 3136 triginta
1749 3053 2035 3134 feminiS,
2078 3053 2213 3116 iam
2256 3051 2485 3134 6611113,
2534 3053 2615 3116 (16
2660 3053 2789 3116 11113
2840 3075 3005 3136 quae
3048 3055 3273 3136 raptae

713 3165 928 3242 erant,
983 3181 1108 3242 pax
1165 3159 1336 3224 faeta
1387 3161 1518 3222 est:
1569 3179 1650 3222 ex
1693 3179 1967 3242 quarum
2014 3157 2387 3222 nominibus
2432 3159 2647 3222 curiae
2694 3161 3055 3244 appellatae
3108 3163 3271 3224 sunt.

711 3267 784 3328 in
827 3287 1234 3332 communem
1295 3267 1494 3330 etiam
1549 3263 1894 3326 mulierum
1945 3263 2267 3328 honorem
2322 3263 2639 3328 kalendae
2684 3265 2777 3328 eis
2826 3265 3075 3328 dicatae
3124 3271 3273 3328 sunt

607 3387 674 3434 25
711 3371 1018 3458 Martiae:
1063 3371 1380 3436 Horatius
1425 3371 1736 3434 Martiis
1783 3371 2091 3434 caelebs
2140 3371 2317 3452 quid
2370 3391 2585 3456 agam
2634 3371 3041 3436 kalendis?
3092 3373 3269 3436 Iuve-

855 3537 892 3582 4
927 3527 1142 3584 Consus
1177 3533 1372 3584 autem
1407 3545 1454 3584 6.
1489 3545 1536 3596 q.
1567 3527 1636 3596 s.]
1673 3545 1846 3584 exscr.
1875 3527 2153 3596 mythogr.
2188 3527 2217 3578 I
2248 3533 2367 3582 191.
2402 3527 2473 3584 cf.
2506 3527 3019 3584 Pseudo-Asconius
3058 3547 3115 3598 p.
3150 3537 3269 3596 142,

713 3607 778 3654 19
809 3617 928 3668 sqq.
973 3601 1060 3654 Or.
1111 3604 1130 3673 ΙΙ
1185 3607 1254 3654 13
1291 3601 1564 3654 circenses
1695 3641 1708 3652 .
1749 3599 2067 3668 currebant]
2112 3615 2277 3652 exscr.
2316 3599 2443 3654 Isid.
2486 3617 2565 3654 or.
2604 3599 2781 3654 XVIII
2822 3607 2905 3666 27,
2948 3607 2979 3654 3
3030 3603 3051 3671 ΙΙ
3108 3605 3177 3656 24
3214 3601 3269 3654 in

711 3689 1064 3750 communem
1109 3689 1154 3726 6.
1191 3689 1248 3740 q.
1285 3671 1356 3742 3.]
1397 3671 1464 3726 cf.
1507 3671 1676 3724 schol.
1717 3673 1826 3726 vet.
1867 3671 1924 3724 in
1964 3671 2075 3724 Iuv.
2120 3669 2195 3722 IX
2234 3675 2297 3722 53
2330 3671 2349 3740 ΙΙ
2384 3677 2451 3724 25
2490 3671 2781 3742 Horatius]
2824 3687 2991 3728 carm.
3028 3671 3111 3724 ΙΙΙ
3146 3677 3199 3740 8,
3242 3679 3265 3724 1

647 3881 652 3884 ¹
841 3821 884 3866 '1
923 3831 1192 3882 magnum
1231 3813 1284 3868 R
1323 3815 1344 3882 ΙΙ
1399 3813 1694 3882 quantum]
1735 3815 1955 3866 tantum
1994 3815 2265 3882 quantum
2300 3813 2373 3866 H
2408 3815 2427 3884 ΙΙ
2486 3815 2553 3866 ad
2594 3829 2693 3866 om.
2708 3815 2801 3866 'H
2840 3815 2859 3880 ΙΙ
2910 3819 2947 3866 4
2984 3815 3085 3868 sub
3122 3815 3265 3868 circo

709 3885 994 3938 RL11F=
1037 3887 1144 3938 sub
1185 3889 1342 3938 tecto
1391 3885 1534 3938 circo
1575 3883 1750 3938 ASD
1813 3885 1912 3938 sub
1952 3885 2105 3938 tecto
2144 3885 2223 3936 M
2228 3885 2249 3938 l
2282 3889 2333 3938 et
2368 3887 2629 3954 mythoyr.
2696 3887 2795 3938 sub
2834 3887 2987 3940 tecto
3020 3885 3083 3938 in
3122 3885 3267 3938 circo

711 3957 1026 4010 Fabricius.
1075 3959 1202 4022 fort.
1237 3955 1338 4010 sub
1375 3959 1524 4010 terra
1551 3955 1612 4008 in
1639 3955 1798 4010 circo.
1843 3957 1906 4022 cf.
1949 3955 2171 4008 Tertull.
2204 3957 2267 4008 de
2290 3963 2455 4022 spect.
2486 3961 2517 4010 5
2560 3955 2631 4010 ‘et
2656 3971 2809 4010 nunc
2838 3973 2943 4010 ara
2972 3955 3143 4010 Conso
3182 3957 3271 4010 illi

709 4031 772 4082 i‘n
805 4029 952 4082 circo
991 4029 1204 4094 defossa
1243 4033 1316 4082 est
1345 4027 1418 4080 ad
1449 4027 1662 4094 primas
1689 4031 1858 4080 metas
1881 4025 1985 4080 sub
2010 4025 2181 4080 terra’
2216 4028 2237 4094 ΙΙ
2270 4031 2303 4078 5
2342 4025 2543 4080 debere
2584 4043 2699 4080 esse
2730 4025 2789 4078 F
2814 4027 2833 4096 fl
2878 4033 2909 4080 6
2954 4031 3007 4082 613
3044 4043 3143 4080 om.
3168 4025 3227 4078 F
3248 4025 3269 4098 Η
3312 4027 3325 4058 ·'

709 4103 742 4152 8
781 4101 1040 4168 eget-etur
1075 4099 1130 4152 L
1161 4099 1474 4168 (tegeretur
1507 4101 1546 4166 Z)
1597 4097 1955 4166 egrederetur
1988 4097 2057 4148 Η
2090 4099 2107 4166 ΙΙ
2146 4097 2287 4150 inito
2328 4097 2439 4152 AS
2474 4099 2629 4166 (corr.
2672 4099 2729 4166 a)
2786 4097 3009 4152 initium
3048 4097 3117 4150 H
3164 4097 3263 4150 ini-

711 4173 860 4224 cium
887 4169 948 4224 F
971 4173 992 4242 ΙΙ
1017 4173 1180 4240 rapta
1213 4169 1272 4224 F
1313 4171 1480 4238 raptu
1509 4169 1824 4224 Masvicius
1849 4173 1870 4238 ΙΙ
1895 4167 2129 4224 consilio
2156 4169 2267 4222 AS
2294 4169 2453 4238 (corr.
2476 4169 2531 4238 a)
2564 4171 2583 4238 ΙΙ
2608 4169 2879 4238 equestris
2912 4169 3225 4224 Masvicius
3250 4169 3269 4240 ΙΙ

711 4249 742 4296 9
781 4241 1030 4310 Neptuni
1069 4243 1334 4312 mythoyr.
1375 4245 1394 4310 ΙΙ
1451 4241 1654 4294 circum
1695 4241 1828 4294 LII
1857 4239 2149 4310 (circenses
2192 4241 2231 4308 l)
2264 4241 2285 4310 1]
2342 4239 2765 4296 celebrabantur
2808 4237 2873 4294 M
2924 4243 2943 4310 ΙΙ
2998 4247 3065 4294 10
3104 4241 3261 4310 ergo]

709 4315 856 4366 611116
893 4313 946 4364 L
975 4313 994 4382 u
1029 4313 1458 4382 megalensiaeis
1495 4313 1606 4364 AS
1657 4311 2035 4380 megalenacis
2078 4309 2135 4364 F
2158 4313 2179 4380 ΙΙ
2224 4317 2285 4364 13
2326 4313 2483 4366 schol.
2522 4313 2601 4368 ad
2636 4329 2975 4364 crncussnws
2998 4329 3113 4366 vm.
3154 4311 3217 4362 F
3246 4315 3265 4380 Η

715 4389 776 4438 14
823 4385 1084 4438 monetae
1119 4385 1234 4438 AS
1277 4385 1484 4452 (metae
1519 4387 1578 4452 a)
1633 4385 1910 4438 mometae
1949 4383 2001 4434 L
2036 4383 2163 4450 ,(610
2204 4383 2301 4436 del.
2342 4383 2379 4450 2)
2440 4385 2681 4436 metetae
2720 4385 2789 4436 H
2826 4385 2845 4450 ss
2900 4381 3031 4436 olim
3074 4399 3175 4436 om.
3214 4383 3267 4436 L

709 4457 862 4524 (add.
901 4457 940 4524 ῖ)
969 4457 988 4524 ΙΙ
1023 4455 1230 4524 gradus
1265 4455 1320 4506 L
1359 4453 1554 4520 (gladii
1595 4457 1630 4522 l)
1681 4453 1874 4524 gaudii
1901 4453 1973 4506 H
1992 4455 2009 4524 ΙΙ
2054 4445 2423 4508 circumibant
2458 4495 2471 4508 .
2502 4495 2513 4508 .
2550 4497 2561 4508 .
2600 4453 2871 4508 circenses
2912 4469 3009 4508 om.
3050 4453 3101 4506 L
3140 4453 3263 4520 (cir-

711 4527 1000 4580 cumibant
1035 4569 1048 4580 .
1083 4569 1094 4580 .
1125 4571 1138 4580 .
1177 4525 1436 4580 ludorum
1475 4525 1602 4578 add.
1643 4527 1684 4592 l)
1739 4525 1896 4580 ibant
1937 4565 1948 4578 .
1982 4567 1991 4580 .
2024 4567 2037 4580 .
2078 4523 2335 4578 ludorum
2372 4541 2497 4578 cum
2536 4541 2635 4580 om.
2678 4523 2735 4576 Η
2776 4524 2797 4592 ΙΙ
2844 4527 2911 4574 15
2948 4523 3135 4578 autem
3180 4523 3265 4588 M,

709 4615 806 4652 cm.
829 4597 1060 4662 ΑΕΒΖ,
1099 4597 1228 4652 inde
1253 4597 1414 4664 vulyo
1441 4597 1462 4664 ΙΙ
1489 4595 1762 4650 circenses
1791 4611 1888 4650 om.
1913 4597 1936 4650 l
1960 4596 1979 4663 ΙΙ
2006 4595 2329 4664 currebant]
2364 4595 2735 4648 circumibant
2762 4595 2925 4662 611190
2950 4597 2969 4664 ΙΙ
2996 4601 3065 4648 16
3102 4595 3263 4648 ludos

711 4669 982 4724 circenses
1015 4669 1178 4722 ludos
1217 4665 1518 4722 theatrales
1561 4667 1720 4722 ludos
1755 4667 2099 4736 gladiatores
2132 4667 2193 4718 R
2216 4669 2235 4736 ΙΙ
2276 4673 2339 4720 17
2376 4665 2687 4734 gladitores
2722 4665 2785 4718 H
2810 4667 2829 4736 ΙΙ
2870 4671 2939 4720 18
2974 4683 3263 4718 nonomine

711 4739 768 4792 F
801 4743 822 4808 ΙΙ
871 4747 934 4794 19
973 4739 1246 4794 1016011116
1281 4739 1414 4792 LII
1445 4741 1464 4808 ΙΙ
1507 4737 1648 4792 miro
1689 4739 1746 4792 F
1777 4741 1798 4808 ΙΙ
1843 4737 2081 4794 emerito
2116 4735 2193 4802 F,
2228 4753 2363 4792 corr.
2408 4737 2611 4790 Daniel
2646 4739 2667 4804 Ι]
2710 4743 2779 4790 20
2820 4739 3137 4792 ceninenses
3176 4737 3261 4788 H:

709 4813 990 4866 cenienses
1037 4811 1146 4866 AS
1213 4811 1520 4866 6611666363
1571 4809 1690 4864 BL
1753 4811 2071 4864 cetinenses
2118 4809 2195 4862 M
2252 4807 2537 4862 cenieuses
2584 4805 2645 4860 F
2694 4811 2713 4878 ΙΙ
2766 4811 3087 4862 antemnate
3136 4807 3269 4860 ΑΗ

713 4887 868 4952 (corr.
909 4887 968 4952 a)
1025 4885 1348 4936 autemnatc
1385 4883 1432 4938 S
1483 4883 1836 4936 antemnates
1871 4881 1928 4934 L
1968 4883 2123 4946 (corr.
2156 4881 2197 4948 Z)
2250 4879 2463 4934 aniani
2502 4879 2655 4934 natei
2696 4879 2753 4932 F
2778 4883 2797 4950 ΙΙ
2824 4877 3133 4934 cristamini
3164 4877 3221 4932 F
3242 4877 3263 4948 ll

709 4961 772 5006 21
817 4955 1192 5024 sumpserunt]
1233 4951 1380 5006 sicut
1419 4951 1630 5006 dictum
1663 4955 1744 5006 est
1773 4955 1900 5008 add.
1925 4951 1985 5006 F
2004 4955 2027 5020 ΙΙ
2054 4951 2149 5020 qui
2180 4951 2677 5006 interuenientibus
2704 4949 2815 5006 AS
2824 4949 2903 5002 H.
2940 4957 3067 5004 ante
3092 4949 3261 5004 inter-

707 5025 1060 5078 uenientibus
1095 5029 1204 5078 tres
1237 5027 1450 5078 litterae
1483 5027 1686 5078 deletae
1719 5027 1782 5076 i‘n
1819 5025 1870 5078 L
1915 5027 1934 5092 ΙΙ
1976 5029 2049 5074 23
2086 5037 2321 5090 quorum
2356 5009 2555 5076 ASlM
2584 5023 2743 5090 (corr.
2784 5023 2855 5090 m)
2902 5023 2923 5090 Ι]
2966 5025 3037 5072 24
3074 5021 3259 5072 dictae

709 5093 836 5148 RF
863 5099 882 5164 [Ι
931 5099 996 5148 25
1035 5095 1264 5148 martius
1307 5095 1378 5148 M
1411 5097 1430 5164 ΙΙ
1475 5095 1718 5164 caelebs]
1757 5095 1936 5150 calior
1972 5093 2035 5146 F
2460 5089 2479 5170 ,1

2430 5179 2459 5248 s

2384 5253 2429 5312 s
