3900 5784
1271 653 1498 710 coMM.
1537 655 1616 708 IN
1653 649 1872 708 VERG.
1907 649 2075 704 AEN.
2120 647 2193 704 VI
2234 653 2530 704 vis-aco.
3050 641 3173 706 107

631 817 1000 902 Augustum
1031 821 1092 882 et
1129 818 1334 882 multa
1375 817 1452 882 ad
1491 817 1830 882 historiam
1873 813 2267 900 pertinentia
2298 813 2405 878 hie
2442 811 2687 878 indicat
2726 813 2923 894 locUS,
2954 811 3179 890 cetera,

633 947 796 1008 quae
841 923 944 988 hic
993 925 1360 988 intermissa
1409 929 1582 1008 sunt,
1633 923 1698 986 in
1747 917 2169 986 ἀσπιδοποιΐα
2220 923 2697 986 commemorat.
2770 917 2939 984 unde
2990 917 3181 982 etiam

631 1031 698 1094 in
761 1031 1042 1112 antiquis
1111 1031 1468 1094 invenimus
1483 1079 1502 1110 ,
1563 1049 1726 1112 opus
1787 1027 1912 1092 hoc
1974 1028 2377 1112 appellatum
2434 1049 2573 1092 esse
2630 1049 2761 1092 non
2814 1025 3185 1112 Aeneidem,

637 1133 748 1198 sed
793 1139 978 1216 gesta
1027 1135 1248 1218 populi
1285 1135 1592 1200 Romani:
1643 1133 1810 1216 quod
1863 1133 2009 1196 ideo
2042 1137 2367 1200 mutatum
2404 1137 2529 1218 est,
2576 1133 2729 1220 quia
2772 1157 3011 1200 nomen
3054 1157 3185 1198 non

637 1265 674 1306 a
715 1247 928 1328 parte,
979 1243 1088 1306 sed
1139 1265 1176 1306 a
1219 1247 1360 1306 toto
1411 1243 1600 1306 debet
1647 1241 1802 1304 dari.
2588 1227 2593 1230 ¹
3226 1247 3257 1298 5

815 1349 958 1412 753.
1037 1367 1464 1426 rvnBAMQvn
1513 1365 1894 1414 SONANTEM
1939 1351 2053 1412 aut
2102 1369 2263 1430 quae
2306 1351 2465 1412 tunc
2514 1353 2777 1432 propter
2822 1349 3183 1416 festinatio-

637 1477 786 1520 nem
831 1457 1136 1522 sonabat:
1191 1459 1302 1520 aut
1349 1457 1576 1520 turbae
1627 1457 2009 1538 perpetuum
2054 1457 2155 1518 est
2200 1453 2549 1536 epitheton.

817 1561 964 1628 754.
1037 1579 1276 1628 LONGO
1323 1579 1588 1628 ORDINE
1639 1583 1766 1626 non
1811 1583 1940 1644 quo
1988 1563 2129 1626 nati
2174 1565 2355 1646 sunt,
2402 1560 2513 1624 sed
2556 1583 2681 1644 quo
2736 1561 2903 1644 apud
2948 1563 3187 1628 inferos

643 1671 934 1734 stabant:
981 1669 1330 1734 non'enim
1381 1691 1452 1732 eo
1505 1691 1630 1752 quo
1675 1673 2059 1754 regnarunt,
2108 1667 2393 1732 dicturus
2440 1671 2539 1732 est
2588 1669 2827 1734 ordine.

819 1775 990 1840 755q
1039 1793 1400 1840 ADVERSOS
1441 1793 1716 1838 LEGERE
1769 1775 2197 1860 considerare,
2248 1775 2551 1860 relegere.
3236 1783 3297 1830 10
3366 1817 3369 1820 -

821 1883 964 1946 756.
1039 1899 1462 1946 DARDANIAM
1499 1899 1778 1946 PROLEM
1821 1883 2115 1946 Albanos
2160 1905 2375 1970 rege8‚
2420 1881 2531 1966 qui
2576 1883 2885 1946 tredecim
2930 1883 3191 1946 fuerunt

643 1989 718 2052 de
769 1987 1028 2054 Aeneae
1073 1991 1142 2052 et
1183 1987 1494 2052 Laviniae
1541 2009 1804 2072 genere:
1851 1989 2019 2054 unde
2066 1991 2159 2054 ait
2204 1989 2405 2054 ‘Itala
2452 1989 2529 2054 de
2576 1987 2819 2072 gente'.

823 2095 966 2186 758.
1041 2111 1422 2160 INLVSTRES
1489 2093 1614 2158 hoc
1673 2117 1912 2160 nomen
1976 2097 2249 2160 notitiae
2310 2095 2465 2180 fuit,
2530 2117 2659 2160 non
2722 2095 2963 2160 meriti:
3026 2097 3193 2186 unde

645 2203 840 2266 etiam
889 2201 954 2266 in
1003 2201 1446 2266 meretricibus
1495 2201 1846 2286 invenitur,
1893 2227 2045 2268 nam
2090 2207 2159 2268 et
2200 2203 2453 2268 nobiles
2504 2205 2567 2266 et
2616 2205 2915 2268 inlustres
2966 2225 3195 2268 vocan-

647 2313 770 2374 tur.
905 2327 976 2372 IN
1025 2327 1272 2376 NOMEN
1313 2327 1562 2374 ITVRAS
1611 2309 1678 2372 in
1729 2315 2015 2396 gentem,
2058 2315 2137 2374 ut
2180 2309 2355 2394 <XII
2384 2309 2555 2392 515>
2606 2333 2877 2374 nomen
2920 2309 3197 2376 Echio·
3242 2315 3305 2362 15

649 2417 856 2482 nium
903 2419 1320 2502 matrisque
1373 2439 1608 2504 genus
1655 2417 2033 2484 Peridiae.

787 2541 790 2544 ’
827 2523 974 2588 760.
1045 2543 1204 2588 ILLE
1247 2543 1446 2590 VIDES
1497 2543 1680 2590 PVRA
1721 2543 2001 2590 IVVENIS
2040 2543 2159 2600 QVI
2194 2543 2489 2588 NITITVR
2526 2543 2757 2588 HASTA
2802 2523 3083 2606 Aeneas,
3132 2531 3203 2590 ut

653 2627 814 2696 Cato
883 2631 1062 2714 dicit,
1131 2632 1318 2696 simul
1381 2653 1450 2696 ac
1509 2633 1684 2696 venit
1743 2631 1822 2696 ad
1879 2631 2167 2714 Italiam,
2226 2631 2563 2696 Lavinium
2624 2631 2871 2714 accepit
2922 2633 3203 2698 uiliorem.

651 2741 916 2824 propter
953 2739 1126 2822 quod
1155 2737 1406 2802 Turnus
1441 2739 1648 2802 iratus
1657 2789 1674 2822 ,
1719 2743 1858 2802 tam
1895 2737 1961 2800 in
2002 2737 2327 2816 Latinum,
2380 2759 2573 2822 quam
2622 2739 2685 2802 in
2720 2737 2987 2802 Aenean
3030 2737 3207 2802 bella

655 2845 936 2928 suscepit
979 2867 1020 2908 a
1055 2843 1374 2908 Mezentio
1411 2843 1776 2928 impetratis
1813 2843 2103 2908 auxiliis:
2140 2843 2339 2930 quod·
2372 2849 2433 2908 et
2478 2845 2617 2928 ipse
2664 2845 2945 2910 ostendit
2994 2845 3205 2910 dicens
3246 2849 3311 2894 20

655 2951 826 3034 <VII
879 2951 1052 3036 470>
1101 2973 1180 3016 se
1237 2953 1432 3016 satis
1491 2951 1860 3014 ambobus
1907 2951 2377 3038 Teucrisque
2420 2953 2685 3016 venire
2734 2951 3207 3038 Latinisque.

661 3059 774 3122 sed
783 3109 800 3142 ,
833 3063 910 3122 ut
945 3081 1146 3142 supra
1183 3057 1320 3142 <IV
1353 3059 1528 3142 620>
1565 3055 1840 3122 diximus
1851 3109 1870 3142 ‚
1915 3059 2125 3140 primo
2158 3059 2333 3122 bello
2374 3059 2565 3142 periit
2594 3059 2889 3140 Latinus,
2928 3059 3207 3124 secundo

659 3167 910 3248 pariter,
943 3165 1198 3232 Turnus
1249 3171 1314 3230 et
1363 3167 1616 3230 Aeneas
1627 3217 1644 3250 ,
1689 3169 1918 3248 postea
1966 3165 2357 3230 Mezentium
2402 3167 2739 3230 interemit
2780 3165 3101 3230 Ascanius
3146 3169 3215 3230 et

657 3273 1186 3338 Laurolavinium
1235 3273 1460 3338 tenuit.
1551 3273 1732 3338 cuius
1781 3271 2053 3338 Lavinia
2100 3273 2337 3338 timens
2386 3271 2675 3364 insidias,
2738 3257 3021 3356 gratida,
3062 3291 3211 3338 con-

655 3381 826 3464 fugit
875 3379 964 3452 ad
1005 3381 1198 3446 silvas
1251 3383 1312 3442 et
1359 3381 1552 3444 latuit
1597 3381 1666 3442 in
1715 3401 1868 3444 casa
1911 3379 2189 3464 pastoris
2242 3379 2509 3464 Tyrrhi:
2558 3379 2639 3444 ad
2684 3381 2855 3464 quod
2902 3379 3213 3444 adludens
3250 3379 3317 3428 25

661 3487 754 3550 ait
799 3485 970 3570 <VII
1019 3487 1190 3570 485>
1241 3487 1738 3572 Tyrrhusque
1783 3491 2031 3572 pater,
2090 3487 2211 3550 cui
2258 3487 2473 3572 regia
2518 3491 2793 3570 parent
2844 3491 3215 3550 armenta:

663 3597 724 3658 et
773 3593 908 3658 illic
949 3593 1144 3658 enixa
1189 3599 1292 3658 est
1335 3593 1628 3660 Silvium.
1699 3593 1808 3658 sed
1849 3617 1995 3660 cum
2032 3593 2351 3660 Ascanius
2396 3591 2705 3678 flagraret
2752 3593 3017 3674 invidia,
3068 3615 3215 3658 evo-

665 3701 834 3766 cavit
883 3723 1224 3766 novercam
1275 3703 1336 3764 et
1377 3701 1434 3764 ei
1471 3701 1790 3766 concessit
1823 3701 2385 3786 Laurolavinium‚
2430 3701 2553 3764 sibi
2604 3721 2755 3764 vero
2782 3699 3021 3764 Albam
3072 3723 3215 3764 con-

665 3807 898 3872 stituit.
969 3807 1080 3890 qui
1129 3807 1432 3890 quoniam
1481 3807 1618 3870 sine
1655 3805 1882 3888 liberis
1921 3807 2147 3890 periit,
2192 3805 2423 3888 silvio,
2472 3807 2581 3890 qui
2622 3809 2685 3870 et
2720 3807 2859 3890 ipse
2896 3793 3217 3872 Ascanius

663 3915 870 3978 dictus
927 3915 1054 3994 est,
1111 3933 1298 3976 suum
1353 3913 1620 3996 reliquit
1671 3911 2043 3998 imperium:
2104 3913 2273 3978 unde
2330 3915 2503 3998 apud
2552 3911 2807 3976 Livium
2870 3915 2969 3976 est
3022 3935 3221 3996 error,
3258 3915 3327 3962 30

811 4091 876 4140 13
913 4085 1024 4140 hoc
1061 4127 1072 4138 .
1105 4129 1120 4142 .
1151 4127 1162 4140 .
1199 4085 1330 4154 fuit]
1373 4103 1542 4140 exscr.
1581 4085 1706 4142 [sid.
1749 4103 1824 4142 or.
1857 4087 1908 4142 X
1939 4091 2041 4142 126
2066 4089 2087 4158 ΙΙ
2122 4091 2183 4142 18
2226 4087 2389 4158 Cato]
2428 4087 2559 4142 or.I
2594 4091 2655 4140 11
2696 4103 2785 4154 ap.
2816 4085 2935 4142 Pet.
2978 4085 3041 4140 cf.
3074 4085 3221 4142 Iord.

667 4157 852 4214 adnot.
893 4157 962 4210 ad
1003 4175 1078 4212 or.
1117 4159 1144 4212 I
1183 4163 1248 4212 11
1295 4159 1312 4228 ΙΙ
1367 4157 1582 4212 Aeneas
1621 4161 1684 4212 ut
1721 4157 1860 4214 Cato
1897 4157 2039 4212 dicit
2072 4175 2121 4212 e.
2160 4177 2211 4226 q.
2254 4159 2317 4228 s.]
2372 4175 2539 4212 exscr.
2590 4159 2871 4226 mythogr.
2908 4157 2933 4210 I
2976 4163 3093 4214 202.
3148 4157 3221 4214 cf.

667 4229 840 4284 schol.
879 4229 1084 4284 Veron.
1125 4229 1194 4284 ad
1231 4229 1370 4286 Aen.
1407 4231 1514 4284 VII
1549 4235 1654 4286 485
1691 4231 1752 4284 et
1787 4233 1916 4286 Aur.
1956 4229 2103 4286 Vict.
2144 4247 2219 4284 or.
2262 4247 2311 4298 g.
2354 4231 2415 4286 R..
2462 4235 2525 4284 16
2552 4247 2635 4298 sq.

813 4397 840 4442 1
873 4389 1168 4444 historiam
1185 4391 1496 4446 Romanam
1517 4391 1574 4444 D
1601 4393 1622 4463 n
1649 4397 1678 4446 2
1707 4391 1802 4448 hie
1829 4409 1928 4444 om.
1952 4391 2187 4446 ASFO
2214 4391 2385 4460 (supr.
2412 4407 2543 4446 vere.
2576 4391 2705 4446 add.
2728 4395 2781 4460 a)
2810 4393 2829 4462 ΙΙ
2860 4391 3227 4460 aspidopoeia

669 4463 818 4516 ASr
873 4461 1244 4544 aspidopoeta
1279 4461 1332 4514 R
1355 4533 1366 4544 .
1391 4463 1744 4544 aspidopoeit
1787 4463 1858 4544 {I
1911 4463 2261 4544 aspidotyria
2298 4463 2377 4516 M
2414 4463 2499 4532 (in
2532 4461 2675 4516 libro
2716 4463 2783 4516 de
2822 4463 2993 4518 armis
3026 4477 3227 4544 regum

669 4549 936 4604 superscr.
963 4535 1040 4602 m)
1075 4535 1408 4604 aspidopeia
1435 4533 1484 4586 G
1533 4535 1858 4604 aspldospia
1887 4533 1944 4586 F
1970 4537 1989 4604 ΙΙ
2016 4541 2045 4586 3
2084 4533 2357 4588 aene1den
2388 4535 2459 4588 M
2486 4537 2505 4606 fl
2532 4541 2561 4588 7
2602 4537 2699 4588 aut
2728 4533 2879 4602 quod
2906 4535 3109 4588 turbae
3138 4533 3179 4586 S
3206 4535 3225 4604 [Ι

673 4613 700 4658 9
743 4605 972 4660 stabunt
1009 4605 1076 4658 H
1095 4607 1114 4676 ΙΙ
1143 4607 1520 4672 regnauerunt
1555 4603 1602 4658 0
1627 4607 1644 4676 ΙΙ
1671 4611 1740 4658 10
1777 4605 2025 4674 relegere
2060 4605 2413 4660 considerare
2444 4607 2519 4660 M
2544 4607 2561 4676 ΙΙ
2590 4607 2777 4674 legere
2804 4603 2915 4658 AS
2940 4605 3225 4686 grelegere

673 4677 728 4746 a)
759 4678 874 4758 11012
911 4677 1154 4730 laumlae
1189 4677 1260 4730 Η
1279 4678 1298 4747 11
1327 4683 1402 4758 ,13
1439 4675 1682 4730 noticiae
1719 4679 1776 4730 A
1801 4677 1820 4748 ΙΙ
1861 4681 1924 4730 15
1964 4677 2053 4746 ut]
2090 4679 2157 4730 ut
2188 4677 2309 4744 ipse
2348 4679 2407 4730 in
2444 4697 2553 4732 ‚x11.
2598 4677 2667 4730 M
2722 4679 2785 4730 ut
2822 4677 3023 4730 statius
3060 4675 3175 4758 EO
3208 4675 3229 4748 ΙΙ

673 4749 986 4802 ech1enium
1023 4747 1078 4800 R
1135 4747 1440 4802 iehiomum
1459 4747 1552 4828 ‘M
1579 4749 1600 4820 ΙΙ
1649 4753 1712 4802 16
1753 4749 2069 4816 matresque
2108 4747 2225 4802 FO
2258 4751 2275 4818 ΙΙ
2330 4755 2397 4802 18
2434 4747 2605 4802 simul
2636 4749 2703 4800 ut
2738 4745 2845 4828 Est!
2892 4747 2965 4800 acl
3002 4745 3227 4826 Itaham

673 4819 830 4872 RM:
869 4817 1090 4874 italiam
1133 4817 1314 4872 ΑΒΗ
1363 4819 1422 4872 in
1455 4819 1676 4900 italiam
1711 4817 1828 4872 FO
1857 4823 1967 4912 [20
2006 4819 2061 4872 et
2096 4819 2217 4900 ipse
2250 4823 2423 4902 poeta
2462 4817 2561 4888 Fu
2594 4823 2657 4870 22
2696 4823 2845 4900 perit
2882 4817 3001 4874 FO
3032 4819 3229 4888 (perlit

675 4891 722 4956 c)
755 4893 774 4960 ΙΙ
801 4891 1044 4946 secunda
1081 4887 1196 4942 FO
1237 4893 1256 4961 ΙΙ
1299 4895 1372 4944 24
1405 4889 1778 4944 laurolauiam
1927 4889 2355 4944 laurolabimam
2390 4889 2445 4970 ,O
2486 4891 2505 4959 ΙΙ
2548 4895 2619 4942 25
2662 4891 2803 4958 tyrri
2840 4891 2951 4946 AS
2960 4891 3029 4946 H
3032 4891 3109 4944 M
3118 4889 3233 4944 FO

673 4961 852 5028 thyrri
891 4961 942 5014 R
991 4965 1010 5034 ΙΙ
1063 4967 1132 5016 26
1175 4963 1472 5030 tyrrusque
1513 4961 1804 5016 ASFGm
1865 4961 2199 5030 thyrrusque
2240 4961 2291 5014 R
2358 4961 2635 5026 tirrusque
2672 4961 2741 5014 H
2792 4963 3061 5032 tyriisque
3104 4961 3175 5018 M
3216 4961 3231 5030 Ιῖ

677 5037 760 5152 271
789 5031 998 5112 sillium
1037 5033 1108 5154 1}
1153 5031 1380 5084 siliuum
1419 5033 1492 5084 M
1517 5033 1534 5102 11
1561 5033 1928 5100 deflagrasset
1964 5033 2021 5084 R
2044 5033 2063 5102 ΙΙ
2090 5031 2301 5084 inuidie
2340 5031 2407 5084 H
2426 5031 2445 5101 ΙΙ
2474 5031 2699 5084 uocauit
2740 5033 2925 5090 ΗΕΘ
2946 5039 2967 5106 ΙΙ
3008 5039 3073 5088 28
3112 5033 3233 5086 lau·

677 5117 738 5154 ro
767 5117 1012 5154 ammam
1671 5147 1682 5150 -
