3900 5784
781 619 864 686 18
1927 629 2165 684 snavn

775 789 870 854 tio
917 789 1066 854 aliis
1115 787 1322 852 tribus
1373 787 1654 852 incensis
1695 811 1844 854 cum
1885 791 2099 854 tribus
2154 813 2411 854 reversa
2462 795 2557 854 est
2604 797 2669 854 et
2716 791 2963 874 accepit
3008 797 3321 872 quantum

775 897 1238 980 postulaverat,
1279 893 1402 960 hac
1439 893 1586 980 ipsa
1623 919 1688 960 re
1729 901 2047 966 commoto
2088 917 2237 980 rege
2246 947 2265 980 7
2314 897 2485 980 quod
2518 899 2799 980 pretium
2838 919 2969 962 non
3006 899 3323 962 mutabat.

775 1007 920 1066 tum
965 1003 1278 1068 mulierem
1321 1003 1520 1068 subito
1565 1025 1690 1068 non
1735 1005 2115 1086 ammisse.
2206 1005 2311 1086 qui
2366 1003 2517 1066 libri
2574 1005 2641 1066 in
2698 1005 2947 1088 templo
2992 1001 3323 1086 Apollinis

775 1109 1228 1196 servabantur,
1269 1133 1390 1176 nec
1425 1109 1550 1194 ipsi
1589 1111 1874 1194 tantum,
1921 1109 2033 1172 sed
2074 1113 2137 1174 et
2170 1109 2561 1172 Marciorum
2598 1111 2661 1172 et
2700 1109 2951 1196 Begoes
2978 1109 3321 1196 nymphae,

661 1213 664 1216 ’
705 1229 740 1278 5
777 1241 940 1302 quae
987 1221 1192 1282 artem
1243 1219 1590 1302 scripserat
1623 1207 2085 1302 fulguritarum
2122 1217 2289 1300 apud
2328 1217 2597 1282 Tuscos:
2642 1217 2809 1282 unde
2848 1217 3095 1282 addidit
3126 1217 3321 1280 modo

777 1321 952 1388 ‘tuas
1003 1329 1210 1388 sortes
1257 1347 1620 1408 arcanaque
1661 1323 1854 1390 fata'.
1939 1329 2009 1390 et
2052 1325 2177 1388 hoc
2222 1323 2427 1390 trahit
2474 1329 2683 1406 poeta.
2774 1325 3041 1388 Aenean
3098 1325 3323 1388 tamen

655 1513 664 1522 .
773 1429 1024 1494 inducit
1069 1433 1256 1514 quasi
1299 1433 1380 1496 de
1425 1433 1754 1514 praesenti
1801 1433 2123 1496 dicentem
2170 1430 2451 1496 oraculo,

955 1537 1055 1600 73.
1127 1555 1538 1614 merosqvn
1603 1553 1908 1604 sAanBo
1968 1555 2159 1628 ALMA
2222 1553 2419 1604 v1Ros
2478 1537 2627 1622 quia
2680 1535 2811 1600 nisi
2864 1535 3125 1620 patricii
3192 1559 3323 1600 non

769 1643 1034 1706 fiebantss
1127 1645 1454 1708 sciendum
1503 1661 1656 1708 sane
1705 1647 1916 1730 primo
1968 1645 2127 1710 duos
2174 1645 2489 1710 librorum
2532 1643 2735 1708 fuisse
2792 1643 3091 1708 custodes
3098 1693 3115 1728 ‚
3172 1643 3321 1706 inde

665 1763 732 1810 10
771 1751 1020 1834 decem,
1077 1751 1226 1814 inde
1285 1751 1646 1836 quindecim
1707 1773 1906 1836 usque
1970 1751 2049 1814 ad
2104 1745 2419 1832 tempora⁴
2456 1749 2737 1814 Sullana.
2828 1753 3059 1836 postea
3116 1751 3321 1814 crevit

765 1879 1104 1942 numeruS,
1145 1881 1298 1922 nam
1345 1863 1402 1922 ct
1447 1859 1786 1942 sexaginta
1833 1845 2121 1940 fuerunt,
2168 1857 2275 1920 sed
2326 1859 2639 1922 remansit
2680 1859 2747 1922 in
2784 1859 2887 1922 his
2928 1859 3317 1944 quindecim-

765 1967 1052 2032 virorum
1099 1955 1504 2030 vocabulum.
1641 2037 1644 2040 ,

943 2073 1044 2138 74.
1117 2087 1344 2138 rorans
1405 2091 1694 2138 TANTVM
1753 2091 1850 2138 NE
1907 2089 2225 2138 CARMINA
2286 2087 2531 2138 MANDA
2600 2075 2673 2136 ut
2726 2071 2939 2138 Varro
2996 2073 3181 2156 dicit,
3240 2071 3315 2136 in

761 2177 936 2244 foliis
1001 2179 1258 2262 palmae
1319 2181 1642 2244 interdum
1705 2183 1906 2264 notis,
1976 2179 2297 2244 interdum
2354 2181 2683 2244 scribebat
2738 2179 3175 2264 sermonibus,
3236 2183 3315 2242 ut

655 2299 724 2348 15
761 2285 1036 2350 diximus
1087 2307 1282 2368 supra
1329 2285 1474 2368 <III
1507 2287 1702 2370 444).

939 2393 1042 2456 76.
1117 2409 1268 2458 IPSA
1313 2415 1432 2478 pro
1483 2393 1636 2458 ‘tu'.
1731 2397 1796 2458 et
1843 2395 2065 2480 posuit
2108 2415 2469 2478 pronomen
2510 2393 2645 2458 eius
2696 2415 3005 2476 personae
3056 2395 3129 2456 de
3182 2417 3309 2478 qua

757 2501 1110 2586 loquimur,
1153 2523 1270 2582 pro
1319 2499 1494 2566 illius
1539 2521 1684 2564 cum
1735 2523 1864 2584 qua
1907 2501 2251 2582 loquimur.
2344 2501 2447 2562 est
2490 2503 2709 2562 autem
2756 2497 3101 2582 Graecum,
3152 2523 3305 2564 nam

755 2609 980 2672 dicunt
1033 2603 1200 2690 αὐτὴ
1255 2603 1442 2688 εἰπὲ,
1485 2607 1552 2670 id
1609 2611 1708 2672 est
1759 2611 1838 2670 tu
1891 2607 2005 2672 dic.
2188 2623 2411 2672 FINEM
2466 2623 2689 2670 DEDIT
2744 2621 2879 2668 ORE
2936 2621 3307 2684 Loqunm

753 2715 880 2778 hoc
925 2717 1024 2778 est
1073 2713 1366 2780 definivit
1413 2713 1502 2798 ei,
1545 2717 1622 2776 ut
1667 2735 1780 2778 ore
1825 2715 2199 2798 loqueretur
2240 2735 2357 2778 nec
2404 2713 2473 2778 in
2516 2711 2693 2778 foliis
2738 2711 3065 2776 scriberet.

643 2833 716 2882 2ο
933 2819 1034 2884 77.
1111 2837 1408 2886 NONDVM
1447 2837 1738 2886 PATIENS
1785 2843 1950 2906 quae
1992 2819 2277 2884 nondum
2322 2821 2545 2902 poSset
2582 2819 2849 2904 implere
2888 2819 3299 2884 oraculorum

751 2949 1108 2994 sermones:
1155 2931 1270 2990 aut
1319 2925 1534 2990 ‘dum'
1583 2929 1796 3010 vacat,
1843 2929 1906 2990 et
1956 2929 2055 2990 est
2098 2925 2419 3008 inpatiens
2466 2925 2729 2990 Phoebi.

931 3035 1030 3098 78.
1091 3047 1510 3098 BAGCHATVR
1545 3049 1764 3098 VATES
1807 3033 1967 3096 bene
2004 3029 2439 3098 ‘bacchatur'.
2498 3031 2671 3098 idem
2708 3031 2879 3096 enim
2910 3033 3007 3096 est
3036 3031 3297 3116 Apollo,

749 3139 860 3224 qui
903 3139 1100 3204 Liber
1149 3143 1360 3226 pater,
1415 3139 1526 3224 qui
1575 3137 1714 3224 Sol,
1775 3137 1944 3202 unde
2000 3137 2095 3202 ait
2138 3125 2435 3202 Lucanus
2480 3137 2587 3222 <V
2636 3137 2761 3222 73>
2812 3137 2931 3200 cui
2982 3137 3295 3200 numine

887 3411 954 3458 22
991 3403 1144 3460 idem
1183 3403 1330 3458 enim
1367 3447 1382 3462 .
1411 3445 1426 3458 .
1459 3445 1474 3460 .
1509 3405 1840 3474 conventus]
1879 3405 1948 3458 cf.
1988 3421 2189 3460 comm,
2222 3405 2353 3458 Luc.
2392 3405 2447 3460 V
2480 3409 2549 3458 74

743 3659 838 3706 tur
863 3655 880 3722 ΙΙ
907 3653 1240 3722 tantundem
1277 3653 1606 3708 Fabricius:
1639 3655 1864 3708 tantu-m
1907 3653 2035 3708 OM
2078 3655 2357 3708 trecentos
2386 3655 2453 3708 F
2472 3655 2491 3722 ΙΙ
2516 3653 2801 3724 poposcit]
2836 3671 2905 3708 ac
2940 3653 3119 3708 denuo
3162 3671 3287 3708 eon-

739 3725 960 3794 tempta
997 3725 1084 3778 est
1117 3727 1246 3780 add.
1285 3725 1346 3778 F
1383 3725 1404 3794 ΙΙ
1451 3725 1616 3780 tertia
1645 3725 1724 3776 M
1761 3725 1784 3794 ΙΙ
1841 3731 1864 3780 1
1909 3725 2035 3778 cuim
2070 3725 2273 3796 tribus]
2318 3725 2541 3778 tantum
2576 3727 2703 3780 add.
2740 3725 2805 3778 F
2842 3727 2861 3794 ΙΙ
2906 3725 3111 3794 accipit
3148 3727 3293 3780 AM

743 3795 986 3864 (accepit
1019 3797 1078 3864 a)
1105 3797 1126 3866 ΙΙ
1165 3803 1198 3850 2
1235 3799 1574 3866 poposcerat
1603 3795 1720 3850 FO
1741 3797 1762 3865 ΙΙ
1801 3813 1858 3850 re
1895 3813 1995 3850 om.
2036 3797 2139 3866 Fu
2174 3815 2303 3866 rege
2340 3799 2615 3850 commoto
2660 3797 2733 3850 M
2768 3799 2777 3866 Ι
2804 3797 3089 3848 minuebat
3124 3797 3239 3848 FO
3272 3797 3291 3866 fl

739 3871 772 3918 4
811 3865 940 3934 ipsa
975 3863 1022 3918 0
1045 3869 1066 3936 ΙΙ
1099 3867 1436 3920 marciorum
1471 3867 1618 3920 AH:
1657 3867 1987 3920 martiorum
2024 3867 2203 3922 FRS
2212 3869 2289 3920 M
2336 3867 2691 3922 maritiorum
2798 3869 2819 3936 ΙΙ
2854 3865 3057 3936 bygois
3092 3865 3155 3918 F
3202 3867 3291 3922 bi-

739 3937 862 4004 goie
901 3935 974 3992 G·
997 3935 1244 4008 beogoes
1279 3939 1348 3992 H
1369 3941 1388 4008 ΙΙ
1417 3945 1450 3992 5
1485 3937 1854 4008 fugaritarum
1891 3939 1936 3992 S
1984 3937 2381 4010 fulgoritarum
2422 3959 2471 3994 a.
2528 3941 2655 4006 fort.
2692 3937 3087 4010 fulguritorum
3110 3939 3135 4008 1}
3162 3937 3293 3992 inde

739 4007 802 4060 F
823 4009 844 4077 ΙΙ
877 4013 910 4062 6
955 4011 1010 4062 et
1045 4009 1154 4064 hoc
1189 4009 1318 4064 inde
1353 4007 1534 4064 trahit
1565 4011 1636 4064 M
1659 4013 1680 4080 ΙΙ
1715 4011 1930 4082 tamen]
1970 4013 2263 4080 tamquam
2292 4011 2351 4064 F
2370 4013 2393 4080 ΙΙ
2438 4017 2465 4066 7
2502 4009 2721 4064 inducit
2756 4027 2855 4064 om.
2886 4011 3001 4064 FO
3026 4011 3047 4078 ΙΙ
3074 4011 3293 4076 quamsi

743 4079 790 4132 Ο
811 4083 832 4148 [ι
859 4085 892 4132 8
931 4079 1066 4148 quia
1093 4079 1134 4134 S
1159 4083 1180 4150 ΙΙ
1209 4087 1240 4134 9
1273 4081 1528 4148 figebant
1555 4081 1620 4134 H
1639 4085 1660 4148 ΙΙ
1685 4081 1898 4136 fiebant
1931 4081 2203 4138 librorum
2240 4083 2495 4136 custodes
2526 4083 2879 4150 Massiciusfl
2910 4083 3067 4148 sane]
3100 4083 3299 4134 tamen

739 4149 922 4204 FGO
951 4151 972 4220 ΙΙ
1003 4151 1252 4224 primum
1291 4151 1472 4212 EGO
1499 4151 1520 4220 ΙΙ
1559 4151 1690 4206 inde
1725 4151 1922 4206 decem
1960 4191 1973 4204 .
2006 4195 2017 4206 .
2050 4193 2063 4206 .
2098 4153 2461 4224 vocabulum]
2498 4155 2561 4206 et
2590 4153 2727 4206 licet
2762 4155 2989 4206 accessu
3026 4151 3297 4220 temporis

689 4289 692 4292 ἢ
741 4235 916 4288 usque
955 4221 1044 4274 ad.
1085 4241 1168 4274 Lx.
1207 4221 1568 4290 peruenerint
1603 4221 1924 4290 quindecim
1958 4223 2207 4276 uirorum
2240 4221 2301 4276 in
2336 4223 2427 4276 his
2460 4223 2819 4276 remanssisse
2854 4237 3059 4276 nomen
3092 4221 3297 4292 asylla-

741 4293 828 4346 nis
871 4291 1222 4362 temporibus
1267 4309 1378 4358 quo
1427 4291 1744 4358 quindecim
1795 4309 1886 4348 eos
1933 4295 2153 4346 constat
2198 4293 2363 4346 fuisse
2402 4293 2477 4346 M
2520 4294 2543 4361 ΙΙ
2594 4293 2723 4346 inde
2772 4293 2967 4346 decem
3008 4309 3189 4360 usque
3224 4295 3299 4346 acl

741 4371 998 4432 tempora
1027 4363 1278 4430 Sullana,
1315 4361 1450 4418 inde
1477 4361 1798 4432 quindecim
1835 4365 1973 4418 coni.
1992 4363 2375 4418 Burmannus.
2418 4363 2485 4430 cf.
2508 4363 2849 4430 Marquardt
2876 4363 3063 4420 Roem.
3084 4363 3299 4418 Staats-

623 4495 634 4510 ,
739 4451 896 4490 verw.
935 4433 1012 4486 III
1041 4451 1106 4504 p.
1135 4435 1286 4502 3651!
1319 4439 1382 4488 10
1423 4433 1624 4488 decimi
1661 4433 1782 4488 FG
1821 4435 2019 4488 decim
2060 4433 2105 4486 Ο
2124 4435 2145 4504 ΙΙ
2174 4433 2393 4504 syllana
2424 4433 2541 4486 RS
2592 4433 2775 4488 silana
2810 4433 2879 4488 H
2924 4435 3203 4504 sibyllana
3236 4435 3305 4488 F

739 4503 1020 4574 sybillana
1059 4505 1112 4560 G
1175 4503 1378 4560 sillana
1425 4503 1544 4556 Ao
1599 4505 1864 4560 sibillana
1911 4523 1950 4558 α
2000 4503 2039 4574 {f
2078 4511 2141 4556 11
2192 4507 2251 4558 et
2292 4505 2417 4560 hab.
2458 4503 2505 4556 0
2552 4507 2573 4574 ΙΙ
2624 4505 2919 4574 sexaginta
2954 4507 3099 4560 libri.
3170 4505 3299 4558 XVI

739 4577 1090 4632 Mercklinus
1135 4577 1326 4632 annal.
1363 4577 1564 4644 philol.
1601 4575 1806 4628 LXXV
1835 4593 1894 4646 p.
1939 4581 2059 4630 634.
2114 4577 2185 4642 cf.
2224 4577 2573 4646 Marquardt
2606 4575 2793 4630 anm.
2832 4577 3179 4634 Staatsverw.
3222 4575 3299 4628 [II

727 4665 792 4718 p.
823 4653 928 4702 365
967 4649 1152 4704 adnot.
1189 4655 1250 4702 12
1289 4653 1426 4704 extr.
1465 4651 1516 4700 et
1547 4663 1606 4716 p.
1633 4651 1738 4700 398
1771 4649 1782 4716 Ι
1821 4655 1882 4700 13
1921 4649 2081 4704 schol.
2118 4649 2197 4702 ad
2228 4665 2277 4704 v.
2312 4653 2377 4702 74
2414 4663 2513 4702 om.
2546 4645 2665 4700 1⁴¹0
2688 4649 2709 4718 ΙΙ
2744 4655 2815 4702 14
2850 4647 3173 4702 scribebant
3200 4647 3245 4702 Ο
3276 4647 3297 4720 Η

735 4721 802 4772 ut
835 4735 1000 4788 supra
1039 4721 1280 4774 diximus
1317 4717 1394 4772 M
1431 4721 1452 4788 ΙΙ
1495 4723 1566 4772 16
1601 4737 1720 4772 11³sA
1753 4737 1856 4772 PRO
1895 4735 2005 4772 'rvn
2042 4721 2099 4772 et
2132 4719 2327 4788 posuit
2360 4719 2419 4772 Α
2462 4719 2481 4788 ΙΙ
2530 4723 2595 4772 17
2630 4717 2881 4786 loquitur
2918 4717 3097 4772 FGO
3124 4721 3149 4788 ΙΙ
3190 4737 3295 4788 pro

733 4791 886 4844 illius
929 4835 940 4844 .
973 4833 984 4844 .
1015 4831 1028 4844 .
1069 4791 1352 4856 loquimur
1385 4805 1486 4844 om.
1525 4787 1774 4844 AFG'O
1809 4787 1983 4858 (illius
2024 4829 2035 4842 .
2068 4831 2081 4844 .
2110 4833 2123 4844 .
2164 4789 2451 4858 loquimur
2480 4805 2633 4858 supr,
2672 4805 2805 4844 vers.
2844 4791 2971 4844 add.
3010 4791 3093 4858 an
3132 4791 3289 4862 nam]

731 4877 848 4916 non
879 4859 954 4912 H
997 4865 1018 4928 ΙΙ
1075 4865 1140 4912 18
1179 4861 1490 4916 arthemas
1527 4859 1586 4914 R
1647 4877 1870 4914 ΑΥΤΝΙΠΕ
1911 4859 1961 4914 G
2018 4859 2289 4916 artheme
2324 4859 2379 4914 A
2446 4879 2583 4914 AYTH
2616 4877 2711 4916 nm
2746 4859 2819 4914 H
2864 4861 3125 4930 autrespe
3168 4861 3241 4916 M
3272 4863 3293 4934 Η

735 4939 802 4988 19
841 4931 896 4986 id
939 4933 1024 4984 ent
1055 4931 1172 4984 FO
1193 4931 1214 5000 ΙΙ
1239 4931 1680 4988 definiit'ASM
1721 4931 1920 4986 definit
1945 4931 2055 5003 HM
2080 4931 2157 5002 ei]
2198 4931 2317 4988 eius
2342 4931 2415 4986 H
2432 4933 2453 5000 ΙΙ
2476 4949 2549 4986 ne
2578 4931 2647 4984 H
2666 4933 2685 5002 ΙΙ
2706 4931 2769 4984 in
2806 4949 2907 4988 om.
2928 4931 2987 4984 F
3008 4933 3029 5002 ΙΙ
3058 4937 3125 4988 20
3164 4949 3291 5002 pos·
3338 4949 3347 4954 ·

731 5003 808 5058 sit
841 5003 902 5056 F
925 5003 1036 5072 1121
1077 5003 1262 5070 vacat]
1301 5003 1606 5058 bacchatur
1645 5003 1708 5056 F
1753 5003 2065 5056 uaechatur
2102 5003 2193 5072 011
2216 5021 2413 5056 moeni
2448 5003 2501 5056 A
2530 5005 2553 5072 ΙΙ
2588 5009 2659 5058 22
2744 5003 2903 5072 pollo
2938 5021 3041 5060 om.
3068 5005 3245 5060 Fac
3272 5005 3289 5080 ss

731 5081 800 5128 23
839 5073 922 5128 ait
955 5087 1056 5128 om.
1101 5069 1192 5142 0¹11
1217 5073 1498 5142 Lucanus]
1537 5075 1720 5128 locam
1755 5075 1826 5126 H
1843 5075 1864 5144 ΙΙ
1891 5071 1983 5126 cui
2018 5091 2117 5130 om.
2148 5075 2219 5128 Η
2234 5074 2255 5144 ΙΙ
2282 5073 2505 5130 nomine
2544 5075 2599 5128 R
2652 5091 2691 5130 n
2726 5093 2855 5132 men
2894 5075 2971 5130 M
