<?xml version="1.0" encoding="UTF-8"?>
<!DOCTYPE html PUBLIC "-//W3C//DTD XHTML 1.0 Transitional//EN"
    "http://www.w3.org/TR/xhtml1/DTD/xhtml1-transitional.dtd">
<html xmlns="http://www.w3.org/1999/xhtml" xml:lang="en" lang="en">
 <head>
  <title>
</title>
<meta http-equiv="Content-Type" content="text/html;charset=utf-8" />
  <meta name='ocr-system' content='tesseract 3.04.00' />
  <meta name='ocr-capabilities' content='ocr_page ocr_carea ocr_par ocr_line ocrx_word'/>
</head>
<body>
  <div class='ocr_page' id='page_1' title='image "./serviigrammatic00hagegoog_0100.png"; bbox 0 0 3900 5784; ppageno 0'>
   <div class='ocr_carea' id='block_1_1' title="bbox 717 635 2117 708">
    <p class='ocr_par' dir='ltr' id='par_1_1' title="bbox 717 635 2117 708">
     <span class='ocr_line' id='line_1_1' title="bbox 717 635 2117 708; baseline -0.014 -2"><span class='ocrx_word' id='word_1_1' title='bbox 717 645 806 708; x_wconf 83' lang='lat'>98</span> <span class='ocrx_word' id='word_1_2' title='bbox 1421 691 1424 696; x_wconf 96' lang='lat'>.</span> <span class='ocrx_word' id='word_1_3' title='bbox 1875 635 2117 690; x_wconf 75' lang='lat' dir='ltr'><strong>SERVH</strong></span> 
     </span>
    </p>
   </div>
   <div class='ocr_carea' id='block_1_2' title="bbox 603 793 3279 3546">
    <p class='ocr_par' dir='ltr' id='par_1_2' title="bbox 897 793 3279 884">
     <span class='ocr_line' id='line_1_2' title="bbox 897 793 3279 884; baseline -0.003 -20"><span class='ocrx_word' id='word_1_4' title='bbox 897 801 1046 864; x_wconf 83' lang='lat'><strong>709.</strong></span> <span class='ocrx_word' id='word_1_5' title='bbox 1119 817 1376 864; x_wconf 74' lang='lat' dir='ltr'>offlcvn</span> <span class='ocrx_word' id='word_1_6' title='bbox 1425 813 1614 884; x_wconf 52' lang='grc'><strong>1111111</strong></span> <span class='ocrx_word' id='word_1_7' title='bbox 1663 813 2095 862; x_wconf 71' lang='lat' dir='ltr'>Fvnovurvn</span> <span class='ocrx_word' id='word_1_8' title='bbox 2140 795 2249 860; x_wconf 75' lang='lat' dir='ltr'>hoc</span> <span class='ocrx_word' id='word_1_9' title='bbox 2286 801 2371 860; x_wconf 73' lang='lat' dir='ltr'>est</span> <span class='ocrx_word' id='word_1_10' title='bbox 2406 795 2989 876; x_wconf 73' lang='lat' dir='ltr'>circumfunduntur</span> <span class='ocrx_word' id='word_1_11' title='bbox 3036 793 3279 858; x_wconf 85' lang='lat' dir='ltr'>circum</span> 
     </span>
    </p>

    <p class='ocr_par' dir='ltr' id='par_1_3' title="bbox 715 901 3277 986">
     <span class='ocr_line' id='line_1_3' title="bbox 715 901 3277 986; baseline -0.002 -16"><span class='ocrx_word' id='word_1_12' title='bbox 715 909 942 970; x_wconf 69' lang='lat' dir='ltr'>flores:</span> <span class='ocrx_word' id='word_1_13' title='bbox 969 903 1178 968; x_wconf 53' lang='lat' dir='ltr'>‘lilia’</span> <span class='ocrx_word' id='word_1_14' title='bbox 1205 909 1412 968; x_wconf 73' lang='lat' dir='ltr'>autem</span> <span class='ocrx_word' id='word_1_15' title='bbox 1437 925 1558 984; x_wconf 75' lang='lat' dir='ltr'>pro</span> <span class='ocrx_word' id='word_1_16' title='bbox 1583 903 1948 984; x_wconf 74' lang='lat' dir='ltr'><strong><em>quibuslibet</em></strong></span> <span class='ocrx_word' id='word_1_17' title='bbox 1978 901 2251 984; x_wconf 58' lang='lat' dir='ltr'>floribus,</span> <span class='ocrx_word' id='word_1_18' title='bbox 2294 901 2569 984; x_wconf 83' lang='lat' dir='ltr'>speciem</span> <span class='ocrx_word' id='word_1_19' title='bbox 2606 923 2725 984; x_wconf 86' lang='lat' dir='ltr'>pro</span> <span class='ocrx_word' id='word_1_20' title='bbox 2770 921 3001 986; x_wconf 84' lang='lat' dir='ltr'>genere</span> <span class='ocrx_word' id='word_1_21' title='bbox 3040 903 3277 984; x_wconf 82' lang='lat' dir='ltr'>posuit.</span> 
     </span>
    </p>

    <p class='ocr_par' dir='ltr' id='par_1_4' title="bbox 897 1005 3275 1092">
     <span class='ocr_line' id='line_1_4' title="bbox 897 1005 3275 1092; baseline -0.001 -18"><span class='ocrx_word' id='word_1_22' title='bbox 897 1011 1044 1074; x_wconf 91' lang='grc'><strong>711.</strong></span> <span class='ocrx_word' id='word_1_23' title='bbox 1115 1027 1436 1074; x_wconf 77' lang='lat' dir='ltr'>FLleNA</span> <span class='ocrx_word' id='word_1_24' title='bbox 1461 1025 1694 1074; x_wconf 82' lang='lat' dir='ltr'>PORRO</span> <span class='ocrx_word' id='word_1_25' title='bbox 1733 1009 1932 1092; x_wconf 82' lang='lat' dir='ltr'>longe</span> <span class='ocrx_word' id='word_1_26' title='bbox 1968 1013 2245 1072; x_wconf 86' lang='lat' dir='ltr'>remota:</span> <span class='ocrx_word' id='word_1_27' title='bbox 2296 1011 2359 1070; x_wconf 90' lang='lat' dir='ltr'>et</span> <span class='ocrx_word' id='word_1_28' title='bbox 2398 1009 2495 1070; x_wconf 88' lang='lat' dir='ltr'>est</span> <span class='ocrx_word' id='word_1_29' title='bbox 2526 1005 2841 1074; x_wconf 85' lang='lat' dir='ltr'>Graecum</span> <span class='ocrx_word' id='word_1_30' title='bbox 2878 1007 3275 1074; x_wconf 81' lang='lat' dir='ltr'>adverbium.</span> 
     </span>
    </p>

    <p class='ocr_par' dir='ltr' id='par_1_5' title="bbox 715 1111 3277 1200">
     <span class='ocr_line' id='line_1_5' title="bbox 715 1111 3277 1200; baseline -0.001 -20"><span class='ocrx_word' id='word_1_31' title='bbox 715 1119 876 1180; x_wconf 88' lang='lat' dir='ltr'>bene</span> <span class='ocrx_word' id='word_1_32' title='bbox 927 1119 1144 1180; x_wconf 87' lang='lat' dir='ltr'>autem</span> <span class='ocrx_word' id='word_1_33' title='bbox 1189 1113 1456 1180; x_wconf 83' lang='lat' dir='ltr'>Aenean</span> <span class='ocrx_word' id='word_1_34' title='bbox 1499 1115 1694 1200; x_wconf 82' lang='lat' dir='ltr'>longe</span> <span class='ocrx_word' id='word_1_35' title='bbox 1741 1137 1782 1178; x_wconf 90' lang='lat' dir='ltr'>a</span> <span class='ocrx_word' id='word_1_36' title='bbox 1823 1111 2113 1178; x_wconf 87' lang='lat' dir='ltr'>Lethaeo</span> <span class='ocrx_word' id='word_1_37' title='bbox 2164 1113 2347 1198; x_wconf 85' lang='lat' dir='ltr'>facit,</span> <span class='ocrx_word' id='word_1_38' title='bbox 2408 1115 2559 1198; x_wconf 90' lang='lat' dir='ltr'>quia</span> <span class='ocrx_word' id='word_1_39' title='bbox 2602 1113 2813 1180; x_wconf 87' lang='lat' dir='ltr'>adhuc</span> <span class='ocrx_word' id='word_1_40' title='bbox 2856 1113 3109 1180; x_wconf 83' lang='lat' dir='ltr'>iuvenis</span> <span class='ocrx_word' id='word_1_41' title='bbox 3160 1119 3277 1178; x_wconf 83' lang='lat' dir='ltr'>est.</span> 
     </span>
    </p>

    <p class='ocr_par' dir='ltr' id='par_1_6' title="bbox 609 1221 3275 1410">
     <span class='ocr_line' id='line_1_6' title="bbox 609 1221 3275 1304; baseline -0.001 -18"><span class='ocrx_word' id='word_1_42' title='bbox 609 1239 678 1286; x_wconf 84' lang='lat'>·5</span> <span class='ocrx_word' id='word_1_43' title='bbox 895 1221 1042 1286; x_wconf 79' lang='lat'><strong>712.</strong></span> <span class='ocrx_word' id='word_1_44' title='bbox 1113 1237 1386 1286; x_wconf 74' lang='lat' dir='ltr'>AGMINE</span> <span class='ocrx_word' id='word_1_45' title='bbox 1433 1239 1656 1304; x_wconf 74' lang='lat' dir='ltr'>cursa,</span> <span class='ocrx_word' id='word_1_46' title='bbox 1695 1221 1969 1304; x_wconf 86' lang='lat' dir='ltr'>impetu:</span> <span class='ocrx_word' id='word_1_47' title='bbox 2034 1241 2149 1304; x_wconf 89' lang='lat' dir='ltr'>per</span> <span class='ocrx_word' id='word_1_48' title='bbox 2194 1221 2367 1304; x_wconf 88' lang='lat' dir='ltr'>quod</span> <span class='ocrx_word' id='word_1_49' title='bbox 2416 1221 2699 1284; x_wconf 73' lang='lat' dir='ltr'>ostendit</span> <span class='ocrx_word' id='word_1_50' title='bbox 2746 1221 2873 1286; x_wconf 88' lang='lat' dir='ltr'>cito</span> <span class='ocrx_word' id='word_1_51' title='bbox 2922 1223 3001 1284; x_wconf 90' lang='lat' dir='ltr'>iri</span> <span class='ocrx_word' id='word_1_52' title='bbox 3050 1221 3131 1284; x_wconf 89' lang='lat' dir='ltr'>ad</span> <span class='ocrx_word' id='word_1_53' title='bbox 3178 1243 3275 1284; x_wconf 84' lang='lat' dir='ltr'>se-</span> 
     </span>
     <span class='ocr_line' id='line_1_7' title="bbox 713 1327 2497 1410; baseline -0.001 -18"><span class='ocrx_word' id='word_1_54' title='bbox 713 1331 994 1408; x_wconf 79' lang='lat' dir='ltr'>nectam,</span> <span class='ocrx_word' id='word_1_55' title='bbox 1047 1327 1198 1410; x_wconf 88' lang='lat' dir='ltr'>quia</span> <span class='ocrx_word' id='word_1_56' title='bbox 1239 1331 1388 1392; x_wconf 84' lang='lat' dir='ltr'>tota</span> <span class='ocrx_word' id='word_1_57' title='bbox 1437 1327 1764 1392; x_wconf 84' lang='lat' dir='ltr'>celeritate</span> <span class='ocrx_word' id='word_1_58' title='bbox 1815 1351 1967 1392; x_wconf 84' lang='lat' dir='ltr'>usus</span> <span class='ocrx_word' id='word_1_59' title='bbox 2016 1329 2259 1392; x_wconf 88' lang='lat' dir='ltr'>labitur</span> <span class='ocrx_word' id='word_1_60' title='bbox 2306 1329 2497 1392; x_wconf 80' lang='lat' dir='ltr'>vitae.</span> 
     </span>
    </p>

    <p class='ocr_par' dir='ltr' id='par_1_7' title="bbox 713 1435 3279 1734">
     <span class='ocr_line' id='line_1_8' title="bbox 895 1435 3277 1514; baseline -0.001 -14"><span class='ocrx_word' id='word_1_61' title='bbox 895 1435 1042 1500; x_wconf 77' lang='lat'>713.</span> <span class='ocrx_word' id='word_1_62' title='bbox 1115 1453 1380 1500; x_wconf 78' lang='lat' dir='ltr'>ANIMAE</span> <span class='ocrx_word' id='word_1_63' title='bbox 1433 1451 1686 1514; x_wconf 70' lang='lat' dir='ltr'><strong>QVIBVS</strong></span> <span class='ocrx_word' id='word_1_64' title='bbox 1731 1451 2011 1498; x_wconf 81' lang='lat' dir='ltr'><strong>ALTERA</strong></span> <span class='ocrx_word' id='word_1_65' title='bbox 2050 1451 2233 1500; x_wconf 69' lang='lat' dir='ltr'>FATo</span> <span class='ocrx_word' id='word_1_66' title='bbox 2274 1451 2595 1500; x_wconf 77' lang='lat' dir='ltr'>CORPORA</span> <span class='ocrx_word' id='word_1_67' title='bbox 2644 1451 3025 1498; x_wconf 78' lang='lat' dir='ltr'><strong>DEBENTVR</strong></span> <span class='ocrx_word' id='word_1_68' title='bbox 3070 1437 3277 1500; x_wconf 83' lang='lat' dir='ltr'>scien-</span> 
     </span>
     <span class='ocr_line' id='line_1_9' title="bbox 715 1523 3279 1626; baseline -0.001 -20"><span class='ocrx_word' id='word_1_69' title='bbox 715 1543 864 1608; x_wconf 88' lang='lat' dir='ltr'>dum</span> <span class='ocrx_word' id='word_1_70' title='bbox 923 1563 1058 1608; x_wconf 84' lang='lat' dir='ltr'>non</span> <span class='ocrx_word' id='word_1_71' title='bbox 1111 1563 1334 1608; x_wconf 84' lang='lat' dir='ltr'>omnes</span> <span class='ocrx_word' id='word_1_72' title='bbox 1395 1543 1644 1606; x_wconf 83' lang='lat' dir='ltr'>animas</span> <span class='ocrx_word' id='word_1_73' title='bbox 1693 1541 1774 1604; x_wconf 88' lang='lat' dir='ltr'>ad</span> <span class='ocrx_word' id='word_1_74' title='bbox 1821 1563 2095 1626; x_wconf 87' lang='lat' dir='ltr'>corpora</span> <span class='ocrx_word' id='word_1_75' title='bbox 2148 1543 2413 1606; x_wconf 82' lang='lat' dir='ltr'>reverti:</span> <span class='ocrx_word' id='word_1_76' title='bbox 2468 1541 2723 1626; x_wconf 83' lang='lat' dir='ltr'>aliquae</span> <span class='ocrx_word' id='word_1_77' title='bbox 2784 1523 2953 1610; x_wconf 86' lang='lat' dir='ltr'>enim</span> <span class='ocrx_word' id='word_1_78' title='bbox 3014 1545 3279 1626; x_wconf 87' lang='lat' dir='ltr'>propter</span> 
     </span>
     <span class='ocr_line' id='line_1_10' title="bbox 713 1647 3277 1734; baseline -0.001 -20"><span class='ocrx_word' id='word_1_79' title='bbox 713 1649 886 1714; x_wconf 78' lang='lat' dir='ltr'>vitae</span> <span class='ocrx_word' id='word_1_80' title='bbox 945 1649 1180 1714; x_wconf 88' lang='lat' dir='ltr'>merita</span> <span class='ocrx_word' id='word_1_81' title='bbox 1229 1671 1362 1716; x_wconf 88' lang='lat' dir='ltr'>non</span> <span class='ocrx_word' id='word_1_82' title='bbox 1419 1649 1716 1734; x_wconf 86' lang='lat' dir='ltr'>redeunt;</span> <span class='ocrx_word' id='word_1_83' title='bbox 1781 1649 2037 1734; x_wconf 86' lang='lat' dir='ltr'>aliquae</span> <span class='ocrx_word' id='word_1_84' title='bbox 2098 1649 2371 1714; x_wconf 86' lang='lat' dir='ltr'>redeunt</span> <span class='ocrx_word' id='word_1_85' title='bbox 2432 1651 2701 1734; x_wconf 86' lang='lat' dir='ltr'>propter</span> <span class='ocrx_word' id='word_1_86' title='bbox 2758 1647 2997 1710; x_wconf 86' lang='lat' dir='ltr'>malam</span> <span class='ocrx_word' id='word_1_87' title='bbox 3052 1649 3277 1732; x_wconf 84' lang='lat' dir='ltr'>vitam,</span> 
     </span>
    </p>

    <p class='ocr_par' dir='ltr' id='par_1_8' title="bbox 607 1755 1963 1842">
     <span class='ocr_line' id='line_1_11' title="bbox 607 1755 1963 1842; baseline 0.001 -24"><span class='ocrx_word' id='word_1_88' title='bbox 607 1773 676 1822; x_wconf 88' lang='lat'>10</span> <span class='ocrx_word' id='word_1_89' title='bbox 715 1757 964 1842; x_wconf 84' lang='lat' dir='ltr'>aliquae</span> <span class='ocrx_word' id='word_1_90' title='bbox 1011 1761 1278 1842; x_wconf 85' lang='lat' dir='ltr'>propter</span> <span class='ocrx_word' id='word_1_91' title='bbox 1323 1755 1448 1822; x_wconf 87' lang='lat' dir='ltr'>fati</span> <span class='ocrx_word' id='word_1_92' title='bbox 1489 1757 1963 1822; x_wconf 84' lang='lat' dir='ltr'>necessitatem.</span> 
     </span>
    </p>

    <p class='ocr_par' dir='ltr' id='par_1_9' title="bbox 711 1861 3277 2268">
     <span class='ocr_line' id='line_1_12' title="bbox 891 1861 3277 1950; baseline -0.002 -20"><span class='ocrx_word' id='word_1_93' title='bbox 891 1865 1040 1930; x_wconf 90' lang='grc'><strong>714.</strong></span> <span class='ocrx_word' id='word_1_94' title='bbox 1111 1881 1422 1928; x_wconf 78' lang='lat' dir='ltr'><strong>LETHAEI</strong></span> <span class='ocrx_word' id='word_1_95' title='bbox 1475 1883 1572 1928; x_wconf 87' lang='lat' dir='ltr'>AD</span> <span class='ocrx_word' id='word_1_96' title='bbox 1629 1881 1961 1938; x_wconf 69' lang='lat' dir='ltr'><strong>FLVMINIS</strong></span> <span class='ocrx_word' id='word_1_97' title='bbox 2016 1881 2269 1928; x_wconf 82' lang='lat' dir='ltr'>VNDAM</span> <span class='ocrx_word' id='word_1_98' title='bbox 2290 1935 2307 1950; x_wconf 32' lang='grc' dir='ltr'><em>φ</em></span> <span class='ocrx_word' id='word_1_99' title='bbox 2328 1861 2383 1926; x_wconf 87' lang='lat' dir='ltr'>si</span> <span class='ocrx_word' id='word_1_100' title='bbox 2446 1863 2665 1926; x_wconf 87' lang='lat' dir='ltr'>anima</span> <span class='ocrx_word' id='word_1_101' title='bbox 2724 1865 2989 1926; x_wconf 88' lang='lat' dir='ltr'>aeterna</span> <span class='ocrx_word' id='word_1_102' title='bbox 3050 1865 3151 1926; x_wconf 88' lang='lat' dir='ltr'>est</span> <span class='ocrx_word' id='word_1_103' title='bbox 3208 1867 3277 1926; x_wconf 90' lang='lat' dir='ltr'>et</span> 
     </span>
     <span class='ocr_line' id='line_1_13' title="bbox 713 1967 3275 2056; baseline -0.002 -22"><span class='ocrx_word' id='word_1_104' title='bbox 713 1971 948 2034; x_wconf 83' lang='lat' dir='ltr'>summi</span> <span class='ocrx_word' id='word_1_105' title='bbox 1005 1971 1272 2054; x_wconf 82' lang='lat' dir='ltr'>spiritus</span> <span class='ocrx_word' id='word_1_106' title='bbox 1323 1995 1500 2056; x_wconf 75' lang='lat' dir='ltr'>pare,</span> <span class='ocrx_word' id='word_1_107' title='bbox 1559 1993 1686 2054; x_wconf 88' lang='lat' dir='ltr'>qua</span> <span class='ocrx_word' id='word_1_108' title='bbox 1729 1971 1983 2034; x_wconf 87' lang='lat' dir='ltr'>ratione</span> <span class='ocrx_word' id='word_1_109' title='bbox 2032 1971 2099 2034; x_wconf 87' lang='lat' dir='ltr'>in</span> <span class='ocrx_word' id='word_1_110' title='bbox 2146 1991 2413 2052; x_wconf 85' lang='lat' dir='ltr'>corpore</span> <span class='ocrx_word' id='word_1_111' title='bbox 2456 1991 2589 2034; x_wconf 88' lang='lat' dir='ltr'>non</span> <span class='ocrx_word' id='word_1_112' title='bbox 2636 1971 2845 2032; x_wconf 83' lang='lat' dir='ltr'>totum</span> <span class='ocrx_word' id='word_1_113' title='bbox 2900 1967 3099 2052; x_wconf 83' lang='lat' dir='ltr'>videt,</span> <span class='ocrx_word' id='word_1_114' title='bbox 3156 1989 3275 2032; x_wconf 88' lang='lat' dir='ltr'>nee</span> 
     </span>
     <span class='ocr_line' id='line_1_14' title="bbox 711 2073 3275 2160; baseline -0.002 -18"><span class='ocrx_word' id='word_1_115' title='bbox 711 2081 814 2142; x_wconf 83' lang='lat' dir='ltr'>est</span> <span class='ocrx_word' id='word_1_116' title='bbox 845 2081 1074 2142; x_wconf 87' lang='lat' dir='ltr'>tantae</span> <span class='ocrx_word' id='word_1_117' title='bbox 1099 2079 1472 2160; x_wconf 71' lang='lat' dir='ltr'>prudentiae</span> <span class='ocrx_word' id='word_1_118' title='bbox 1497 2081 1820 2158; x_wconf 70' lang='lat' dir='ltr'>tantaeque</span> <span class='ocrx_word' id='word_1_119' title='bbox 1851 2077 2239 2160; x_wconf 74' lang='lat' dir='ltr'>vivacitatiS,</span> <span class='ocrx_word' id='word_1_120' title='bbox 2278 2079 2353 2140; x_wconf 87' lang='lat' dir='ltr'>ut</span> <span class='ocrx_word' id='word_1_121' title='bbox 2380 2077 2599 2140; x_wconf 88' lang='lat' dir='ltr'>omnia</span> <span class='ocrx_word' id='word_1_122' title='bbox 2636 2075 2845 2160; x_wconf 83' lang='lat' dir='ltr'>possit</span> <span class='ocrx_word' id='word_1_123' title='bbox 2874 2073 3275 2160; x_wconf 76' lang='lat' dir='ltr'>agnoscere?</span> 
     </span>
     <span class='ocr_line' id='line_1_15' title="bbox 713 2181 3273 2268; baseline -0.002 -20"><span class='ocrx_word' id='word_1_124' title='bbox 713 2185 860 2268; x_wconf 87' lang='lat' dir='ltr'>quia</span> <span class='ocrx_word' id='word_1_125' title='bbox 909 2205 1056 2248; x_wconf 89' lang='lat' dir='ltr'>cum</span> <span class='ocrx_word' id='word_1_126' title='bbox 1101 2185 1390 2266; x_wconf 83' lang='lat' dir='ltr'>eoeperit</span> <span class='ocrx_word' id='word_1_127' title='bbox 1435 2185 1504 2248; x_wconf 90' lang='lat' dir='ltr'>in</span> <span class='ocrx_word' id='word_1_128' title='bbox 1545 2205 1774 2268; x_wconf 84' lang='lat' dir='ltr'>corpus</span> <span class='ocrx_word' id='word_1_129' title='bbox 1815 2181 2223 2266; x_wconf 80' lang='lat' dir='ltr'>descendere,</span> <span class='ocrx_word' id='word_1_130' title='bbox 2270 2187 2457 2268; x_wconf 86' lang='lat' dir='ltr'>potat</span> <span class='ocrx_word' id='word_1_131' title='bbox 2494 2181 2839 2247; x_wconf 67' lang='lat' dir='ltr'>stultitiam</span> <span class='ocrx_word' id='word_1_132' title='bbox 2890 2187 2953 2248; x_wconf 90' lang='lat' dir='ltr'>et</span> <span class='ocrx_word' id='word_1_133' title='bbox 3002 2181 3273 2246; x_wconf 81' lang='lat' dir='ltr'>oblivio-</span> 
     </span>
    </p>

    <p class='ocr_par' dir='ltr' id='par_1_10' title="bbox 609 2289 3271 2800">
     <span class='ocr_line' id='line_1_16' title="bbox 609 2289 3271 2374; baseline -0.001 -20"><span class='ocrx_word' id='word_1_134' title='bbox 609 2305 674 2354; x_wconf 81' lang='lat'>15</span> <span class='ocrx_word' id='word_1_135' title='bbox 709 2311 882 2374; x_wconf 87' lang='lat' dir='ltr'>nem,</span> <span class='ocrx_word' id='word_1_136' title='bbox 939 2289 1108 2354; x_wconf 89' lang='lat' dir='ltr'>unde</span> <span class='ocrx_word' id='word_1_137' title='bbox 1165 2313 1298 2354; x_wconf 88' lang='lat' dir='ltr'>non</span> <span class='ocrx_word' id='word_1_138' title='bbox 1351 2293 1574 2374; x_wconf 85' lang='lat' dir='ltr'>potest</span> <span class='ocrx_word' id='word_1_139' title='bbox 1613 2289 1884 2372; x_wconf 86' lang='lat' dir='ltr'>implere</span> <span class='ocrx_word' id='word_1_140' title='bbox 1933 2289 2065 2352; x_wconf 80' lang='lat' dir='ltr'>vim</span> <span class='ocrx_word' id='word_1_141' title='bbox 2104 2289 2395 2352; x_wconf 85' lang='lat' dir='ltr'>numinis</span> <span class='ocrx_word' id='word_1_142' title='bbox 2452 2289 2555 2352; x_wconf 86' lang='lat' dir='ltr'>sui</span> <span class='ocrx_word' id='word_1_143' title='bbox 2606 2293 2757 2372; x_wconf 84' lang='lat' dir='ltr'>post</span> <span class='ocrx_word' id='word_1_144' title='bbox 2798 2295 3069 2352; x_wconf 87' lang='lat' dir='ltr'>naturae</span> <span class='ocrx_word' id='word_1_145' title='bbox 3116 2309 3271 2352; x_wconf 85' lang='lat' dir='ltr'>suae</span> 
     </span>
     <span class='ocr_line' id='line_1_17' title="bbox 713 2395 3271 2478; baseline -0.001 -18"><span class='ocrx_word' id='word_1_146' title='bbox 713 2397 1124 2462; x_wconf 83' lang='lat' dir='ltr'>oblivionem.</span> <span class='ocrx_word' id='word_1_147' title='bbox 1209 2397 1616 2462; x_wconf 82' lang='lat' dir='ltr'>obliviscitur</span> <span class='ocrx_word' id='word_1_148' title='bbox 1667 2397 1878 2460; x_wconf 84' lang='lat' dir='ltr'>autem</span> <span class='ocrx_word' id='word_1_149' title='bbox 1929 2397 2275 2460; x_wconf 83' lang='lat' dir='ltr'>secundum</span> <span class='ocrx_word' id='word_1_150' title='bbox 2322 2397 2551 2478; x_wconf 80' lang='lat' dir='ltr'>poetas</span> <span class='ocrx_word' id='word_1_151' title='bbox 2596 2395 3123 2478; x_wconf 84' lang='lat' dir='ltr'>praeteritorum,</span> <span class='ocrx_word' id='word_1_152' title='bbox 3172 2417 3271 2460; x_wconf 91' lang='lat' dir='ltr'>se-</span> 
     </span>
     <span class='ocr_line' id='line_1_18' title="bbox 713 2499 3265 2588; baseline -0.002 -20"><span class='ocrx_word' id='word_1_153' title='bbox 713 2505 990 2568; x_wconf 84' lang='lat' dir='ltr'>eundum</span> <span class='ocrx_word' id='word_1_154' title='bbox 1037 2503 1464 2588; x_wconf 83' lang='lat' dir='ltr'>philosophos</span> <span class='ocrx_word' id='word_1_155' title='bbox 1517 2503 1742 2568; x_wconf 85' lang='lat' dir='ltr'>futuri:</span> <span class='ocrx_word' id='word_1_156' title='bbox 1805 2503 1971 2566; x_wconf 87' lang='lat' dir='ltr'>unde</span> <span class='ocrx_word' id='word_1_157' title='bbox 2032 2503 2315 2566; x_wconf 85' lang='lat' dir='ltr'>medium</span> <span class='ocrx_word' id='word_1_158' title='bbox 2358 2503 2571 2566; x_wconf 86' lang='lat' dir='ltr'>tenuit</span> <span class='ocrx_word' id='word_1_159' title='bbox 2618 2501 2887 2566; x_wconf 86' lang='lat' dir='ltr'>dicendo</span> <span class='ocrx_word' id='word_1_160' title='bbox 2936 2499 3265 2566; x_wconf 79' lang='lat' dir='ltr'>‘oblivia&#39;.</span> 
     </span>
     <span class='ocr_line' id='line_1_19' title="bbox 713 2607 3269 2694; baseline -0.002 -20"><span class='ocrx_word' id='word_1_161' title='bbox 713 2611 950 2676; x_wconf 85' lang='lat' dir='ltr'>docent</span> <span class='ocrx_word' id='word_1_162' title='bbox 997 2615 1216 2688; x_wconf 79' lang='lat' dir='ltr'>autem</span> <span class='ocrx_word' id='word_1_163' title='bbox 1269 2609 1646 2694; x_wconf 83' lang='lat' dir='ltr'>philosophi</span> <span class='ocrx_word' id='word_1_164' title='bbox 1657 2659 1676 2692; x_wconf 88' lang='lat'>,</span> <span class='ocrx_word' id='word_1_165' title='bbox 1731 2609 1950 2674; x_wconf 86' lang='lat' dir='ltr'>anima</span> <span class='ocrx_word' id='word_1_166' title='bbox 2006 2609 2401 2686; x_wconf 81' lang='lat' dir='ltr'>descendens</span> <span class='ocrx_word' id='word_1_167' title='bbox 2446 2607 2597 2692; x_wconf 87' lang='lat' dir='ltr'>quid</span> <span class='ocrx_word' id='word_1_168' title='bbox 2646 2629 2761 2692; x_wconf 85' lang='lat' dir='ltr'>per</span> <span class='ocrx_word' id='word_1_169' title='bbox 2806 2607 3097 2692; x_wconf 81' lang='lat' dir='ltr'>singulos</span> <span class='ocrx_word' id='word_1_170' title='bbox 3146 2607 3269 2672; x_wconf 84' lang='lat' dir='ltr'>cir-</span> 
     </span>
     <span class='ocr_line' id='line_1_20' title="bbox 707 2715 3265 2800; baseline -0.002 -18"><span class='ocrx_word' id='word_1_171' title='bbox 707 2717 888 2794; x_wconf 78' lang='lat' dir='ltr'>culos</span> <span class='ocrx_word' id='word_1_172' title='bbox 957 2717 1216 2798; x_wconf 83' lang='lat' dir='ltr'>perdat:</span> <span class='ocrx_word' id='word_1_173' title='bbox 1279 2717 1448 2782; x_wconf 83' lang='lat' dir='ltr'>unde</span> <span class='ocrx_word' id='word_1_174' title='bbox 1515 2715 1710 2778; x_wconf 87' lang='lat' dir='ltr'>etiam</span> <span class='ocrx_word' id='word_1_175' title='bbox 1775 2715 2221 2780; x_wconf 82' lang='lat' dir='ltr'>mathematici</span> <span class='ocrx_word' id='word_1_176' title='bbox 2288 2715 2565 2800; x_wconf 82' lang='lat' dir='ltr'>fingunt,</span> <span class='ocrx_word' id='word_1_177' title='bbox 2630 2715 2799 2798; x_wconf 90' lang='lat' dir='ltr'>quod</span> <span class='ocrx_word' id='word_1_178' title='bbox 2856 2715 3265 2800; x_wconf 85' lang='lat' dir='ltr'>singulorum</span> 
     </span>
    </p>

    <p class='ocr_par' dir='ltr' id='par_1_11' title="bbox 607 2821 3265 3334">
     <span class='ocr_line' id='line_1_21' title="bbox 607 2821 3265 2908; baseline 0 -22"><span class='ocrx_word' id='word_1_179' title='bbox 607 2837 678 2886; x_wconf 87' lang='grc' dir='ltr'><strong>2ο</strong></span> <span class='ocrx_word' id='word_1_180' title='bbox 715 2825 1056 2888; x_wconf 87' lang='lat' dir='ltr'>numinum</span> <span class='ocrx_word' id='word_1_181' title='bbox 1091 2823 1528 2908; x_wconf 80' lang='lat' dir='ltr'>potestatibus</span> <span class='ocrx_word' id='word_1_182' title='bbox 1569 2845 1800 2904; x_wconf 78' lang='lat' dir='ltr'>corpus</span> <span class='ocrx_word' id='word_1_183' title='bbox 1837 2825 1904 2886; x_wconf 90' lang='lat' dir='ltr'>et</span> <span class='ocrx_word' id='word_1_184' title='bbox 1933 2823 2149 2886; x_wconf 85' lang='lat' dir='ltr'>anima</span> <span class='ocrx_word' id='word_1_185' title='bbox 2184 2825 2411 2886; x_wconf 85' lang='lat' dir='ltr'>nostra</span> <span class='ocrx_word' id='word_1_186' title='bbox 2438 2843 2679 2886; x_wconf 82' lang='lat' dir='ltr'>conexa</span> <span class='ocrx_word' id='word_1_187' title='bbox 2706 2825 2857 2886; x_wconf 82' lang='lat' dir='ltr'>sunt</span> <span class='ocrx_word' id='word_1_188' title='bbox 2888 2843 2961 2886; x_wconf 87' lang='lat' dir='ltr'>ea</span> <span class='ocrx_word' id='word_1_189' title='bbox 2988 2821 3265 2904; x_wconf 86' lang='lat' dir='ltr'>ratione,</span> 
     </span>
     <span class='ocr_line' id='line_1_22' title="bbox 711 2925 3263 3014; baseline -0.002 -20"><span class='ocrx_word' id='word_1_190' title='bbox 711 2931 864 3014; x_wconf 86' lang='lat' dir='ltr'>quia</span> <span class='ocrx_word' id='word_1_191' title='bbox 909 2951 1056 2994; x_wconf 87' lang='lat' dir='ltr'>cum</span> <span class='ocrx_word' id='word_1_192' title='bbox 1101 2929 1496 2994; x_wconf 80' lang='lat' dir='ltr'>descendunt</span> <span class='ocrx_word' id='word_1_193' title='bbox 1545 2927 1796 2992; x_wconf 90' lang='lat' dir='ltr'>animae</span> <span class='ocrx_word' id='word_1_194' title='bbox 1841 2927 2107 2994; x_wconf 85' lang='lat' dir='ltr'>trahunt</span> <span class='ocrx_word' id='word_1_195' title='bbox 2150 2949 2361 2992; x_wconf 88' lang='lat' dir='ltr'>secum</span> <span class='ocrx_word' id='word_1_196' title='bbox 2400 2931 2727 3012; x_wconf 85' lang='lat' dir='ltr'>torporem</span> <span class='ocrx_word' id='word_1_197' title='bbox 2766 2925 3049 3012; x_wconf 81' lang='lat' dir='ltr'>Saturni,</span> <span class='ocrx_word' id='word_1_198' title='bbox 3090 2925 3263 2992; x_wconf 89' lang='lat' dir='ltr'>Mar-</span> 
     </span>
     <span class='ocr_line' id='line_1_23' title="bbox 711 3033 3259 3120; baseline 0 -22"><span class='ocrx_word' id='word_1_199' title='bbox 711 3037 798 3100; x_wconf 85' lang='lat' dir='ltr'>tis</span> <span class='ocrx_word' id='word_1_200' title='bbox 843 3037 1270 3120; x_wconf 77' lang='lat' dir='ltr'>iracundiam,</span> <span class='ocrx_word' id='word_1_201' title='bbox 1319 3035 1650 3100; x_wconf 86' lang='lat' dir='ltr'>libidinem</span> <span class='ocrx_word' id='word_1_202' title='bbox 1689 3033 1987 3118; x_wconf 79' lang='lat' dir='ltr'>Veneris,</span> <span class='ocrx_word' id='word_1_203' title='bbox 2032 3033 2337 3100; x_wconf 84' lang='lat' dir='ltr'>Mercurii</span> <span class='ocrx_word' id='word_1_204' title='bbox 2380 3033 2545 3098; x_wconf 87' lang='lat' dir='ltr'>lucri</span> <span class='ocrx_word' id='word_1_205' title='bbox 2590 3035 3041 3120; x_wconf 81' lang='lat' dir='ltr'>cupiditatem,</span> <span class='ocrx_word' id='word_1_206' title='bbox 3084 3033 3259 3100; x_wconf 79' lang='lat' dir='ltr'>Iovis</span> 
     </span>
     <span class='ocr_line' id='line_1_24' title="bbox 711 3141 3255 3228; baseline 0 -24"><span class='ocrx_word' id='word_1_207' title='bbox 711 3143 898 3228; x_wconf 83' lang='lat' dir='ltr'>regni</span> <span class='ocrx_word' id='word_1_208' title='bbox 959 3141 1366 3206; x_wconf 85' lang='lat' dir='ltr'>desiderium:</span> <span class='ocrx_word' id='word_1_209' title='bbox 1439 3165 1600 3226; x_wconf 86' lang='lat' dir='ltr'>quae</span> <span class='ocrx_word' id='word_1_210' title='bbox 1659 3163 1760 3204; x_wconf 89' lang='lat' dir='ltr'>res</span> <span class='ocrx_word' id='word_1_211' title='bbox 1821 3141 2071 3206; x_wconf 77' lang='lat' dir='ltr'>faciunt</span> <span class='ocrx_word' id='word_1_212' title='bbox 2126 3141 2683 3224; x_wconf 82' lang='lat' dir='ltr'>perturbationem</span> <span class='ocrx_word' id='word_1_213' title='bbox 2744 3141 3083 3206; x_wconf 85' lang='lat' dir='ltr'>animabus</span> <span class='ocrx_word' id='word_1_214' title='bbox 3094 3193 3109 3226; x_wconf 94' lang='lat'>,</span> <span class='ocrx_word' id='word_1_215' title='bbox 3174 3163 3255 3204; x_wconf 87' lang='lat' dir='ltr'>ne</span> 
     </span>
     <span class='ocr_line' id='line_1_25' title="bbox 711 3247 2287 3334; baseline 0 -22"><span class='ocrx_word' id='word_1_216' title='bbox 711 3249 964 3332; x_wconf 82' lang='lat' dir='ltr'>possint</span> <span class='ocrx_word' id='word_1_217' title='bbox 1007 3249 1110 3312; x_wconf 90' lang='lat' dir='ltr'>uti</span> <span class='ocrx_word' id='word_1_218' title='bbox 1153 3249 1374 3334; x_wconf 79' lang='lat' dir='ltr'>vigore</span> <span class='ocrx_word' id='word_1_219' title='bbox 1425 3269 1540 3312; x_wconf 85' lang='lat' dir='ltr'>suo</span> <span class='ocrx_word' id='word_1_220' title='bbox 1587 3251 1650 3312; x_wconf 90' lang='lat' dir='ltr'>et</span> <span class='ocrx_word' id='word_1_221' title='bbox 1695 3249 1944 3312; x_wconf 83' lang='lat' dir='ltr'>viribus</span> <span class='ocrx_word' id='word_1_222' title='bbox 1984 3247 2287 3330; x_wconf 77' lang='lat' dir='ltr'>propriis·</span> 
     </span>
    </p>

    <p class='ocr_par' dir='ltr' id='par_1_12' title="bbox 603 3343 3257 3546">
     <span class='ocr_line' id='line_1_26' title="bbox 603 3343 3257 3440; baseline 0 -22"><span class='ocrx_word' id='word_1_223' title='bbox 603 3365 672 3418; x_wconf 83' lang='lat'>25</span> <span class='ocrx_word' id='word_1_224' title='bbox 891 3355 1036 3420; x_wconf 82' lang='grc'><strong>715.</strong></span> <span class='ocrx_word' id='word_1_225' title='bbox 1113 3371 1416 3420; x_wconf 78' lang='lat' dir='ltr'>SEOVRos</span> <span class='ocrx_word' id='word_1_226' title='bbox 1455 3343 1740 3420; x_wconf 72' lang='lat' dir='ltr'>LATIOES</span> <span class='ocrx_word' id='word_1_227' title='bbox 1793 3355 1902 3438; x_wconf 89' lang='lat' dir='ltr'>qui</span> <span class='ocrx_word' id='word_1_228' title='bbox 1949 3375 2205 3418; x_wconf 83' lang='lat' dir='ltr'>securos</span> <span class='ocrx_word' id='word_1_229' title='bbox 2248 3353 2527 3440; x_wconf 86' lang='lat' dir='ltr'>faciunt,</span> <span class='ocrx_word' id='word_1_230' title='bbox 2572 3357 2647 3418; x_wconf 84' lang='lat' dir='ltr'>ut</span> <span class='ocrx_word' id='word_1_231' title='bbox 2680 3355 2941 3420; x_wconf 80' lang='lat' dir='ltr'>morbos</span> <span class='ocrx_word' id='word_1_232' title='bbox 2978 3355 3257 3438; x_wconf 81' lang='lat' dir='ltr'>pallidos</span> 
     </span>
     <span class='ocr_line' id='line_1_27' title="bbox 711 3459 1854 3546; baseline -0.002 -20"><span class='ocrx_word' id='word_1_233' title='bbox 711 3461 978 3526; x_wconf 80' lang='lat' dir='ltr'>dicimus</span> <span class='ocrx_word' id='word_1_234' title='bbox 987 3513 1006 3546; x_wconf 91' lang='lat'>,</span> <span class='ocrx_word' id='word_1_235' title='bbox 1055 3463 1224 3546; x_wconf 84' lang='lat' dir='ltr'>quod</span> <span class='ocrx_word' id='word_1_236' title='bbox 1269 3463 1548 3546; x_wconf 85' lang='lat' dir='ltr'>pallidos</span> <span class='ocrx_word' id='word_1_237' title='bbox 1593 3459 1854 3526; x_wconf 83' lang='lat' dir='ltr'>faciunt.</span> 
     </span>
    </p>
   </div>
   <div class='ocr_carea' id='block_1_3' title="bbox 707 3581 1132 3594">
    <p class='ocr_par' dir='ltr' id='par_1_13' title="bbox 707 3581 1132 3594">
     <span class='ocr_line' id='line_1_28' title="bbox 707 3581 1132 3594; baseline 0 2190"><span class='ocrx_word' id='word_1_238' title='bbox 707 3581 1132 3594; x_wconf 95' lang='lat' dir='ltr'> </span> 
     </span>
    </p>
   </div>
   <div class='ocr_carea' id='block_1_4' title="bbox 711 3651 3253 3796">
    <p class='ocr_par' dir='ltr' id='par_1_14' title="bbox 711 3651 3253 3796">
     <span class='ocr_line' id='line_1_29' title="bbox 853 3651 3253 3724; baseline 0 -16"><span class='ocrx_word' id='word_1_239' title='bbox 853 3661 882 3708; x_wconf 82' lang='grc'><strong>7</strong></span> <span class='ocrx_word' id='word_1_240' title='bbox 921 3653 1206 3708; x_wconf 76' lang='lat' dir='ltr'>sciendum</span> <span class='ocrx_word' id='word_1_241' title='bbox 1241 3691 1256 3708; x_wconf 84' lang='lat'><strong>.</strong></span> <span class='ocrx_word' id='word_1_242' title='bbox 1291 3697 1302 3708; x_wconf 91' lang='lat'><strong>.</strong></span> <span class='ocrx_word' id='word_1_243' title='bbox 1333 3697 1346 3708; x_wconf 91' lang='lat'><em>.</em></span> <span class='ocrx_word' id='word_1_244' title='bbox 1383 3651 1802 3722; x_wconf 82' lang='lat' dir='ltr'>necessitatem]</span> <span class='ocrx_word' id='word_1_245' title='bbox 1841 3669 2011 3706; x_wconf 80' lang='lat' dir='ltr'>exscr.</span> <span class='ocrx_word' id='word_1_246' title='bbox 2052 3653 2327 3722; x_wconf 76' lang='lat' dir='ltr'>mythogr.</span> <span class='ocrx_word' id='word_1_247' title='bbox 2364 3653 2445 3706; x_wconf 90' lang='lat' dir='ltr'>III</span> <span class='ocrx_word' id='word_1_248' title='bbox 2482 3659 2533 3722; x_wconf 81' lang='grc'>6,</span> <span class='ocrx_word' id='word_1_249' title='bbox 2574 3659 2637 3708; x_wconf 98' lang='grc'>12</span> <span class='ocrx_word' id='word_1_250' title='bbox 2678 3655 2695 3724; x_wconf 79' lang='lat' dir='ltr'>ss</span> <span class='ocrx_word' id='word_1_251' title='bbox 2740 3661 2801 3708; x_wconf 89' lang='lat'>11</span> <span class='ocrx_word' id='word_1_252' title='bbox 2840 3653 2889 3708; x_wconf 81' lang='lat' dir='ltr'>si</span> <span class='ocrx_word' id='word_1_253' title='bbox 2926 3657 3113 3710; x_wconf 85' lang='lat' dir='ltr'>anima</span> <span class='ocrx_word' id='word_1_254' title='bbox 3152 3699 3163 3712; x_wconf 90' lang='lat'><strong>.</strong></span> <span class='ocrx_word' id='word_1_255' title='bbox 3194 3697 3205 3708; x_wconf 90' lang='lat'><strong>.</strong></span> <span class='ocrx_word' id='word_1_256' title='bbox 3240 3699 3253 3708; x_wconf 88' lang='lat'>.</span> 
     </span>
     <span class='ocr_line' id='line_1_30' title="bbox 711 3723 2227 3796; baseline -0.003 -16"><span class='ocrx_word' id='word_1_257' title='bbox 711 3725 924 3780; x_wconf 82' lang='lat' dir='ltr'>viribus</span> <span class='ocrx_word' id='word_1_258' title='bbox 959 3725 1224 3796; x_wconf 79' lang='lat' dir='ltr'>propriis]</span> <span class='ocrx_word' id='word_1_259' title='bbox 1265 3743 1438 3780; x_wconf 80' lang='lat' dir='ltr'>exscr.</span> <span class='ocrx_word' id='word_1_260' title='bbox 1475 3723 1750 3792; x_wconf 78' lang='lat' dir='ltr'>mythogr.</span> <span class='ocrx_word' id='word_1_261' title='bbox 1795 3723 1868 3776; x_wconf 85' lang='lat' dir='ltr'>HI</span> <span class='ocrx_word' id='word_1_262' title='bbox 1909 3729 1957 3792; x_wconf 82' lang='lat'>6,</span> <span class='ocrx_word' id='word_1_263' title='bbox 1996 3729 2065 3776; x_wconf 88' lang='grc'>16</span> <span class='ocrx_word' id='word_1_264' title='bbox 2102 3725 2161 3776; x_wconf 88' lang='lat' dir='ltr'>et</span> <span class='ocrx_word' id='word_1_265' title='bbox 2198 3729 2227 3776; x_wconf 88' lang='grc'>8</span> 
     </span>
    </p>
   </div>
   <div class='ocr_carea' id='block_1_5' title="bbox 705 3839 1130 3846">
    <p class='ocr_par' dir='ltr' id='par_1_15' title="bbox 705 3839 1130 3846">
     <span class='ocr_line' id='line_1_31' title="bbox 705 3839 1130 3846; baseline 0 0"><span class='ocrx_word' id='word_1_266' title='bbox 705 3839 1130 3846; x_wconf 95' lang='lat' dir='ltr'> </span> 
     </span>
    </p>
   </div>
   <div class='ocr_carea' id='block_1_6' title="bbox 671 3883 3255 4282">
    <p class='ocr_par' dir='ltr' id='par_1_16' title="bbox 855 3883 3253 3958">
     <span class='ocr_line' id='line_1_32' title="bbox 855 3883 3253 3958; baseline 0 -18"><span class='ocrx_word' id='word_1_267' title='bbox 855 3891 882 3940; x_wconf 90' lang='grc'>1</span> <span class='ocrx_word' id='word_1_268' title='bbox 927 3905 1118 3942; x_wconf 78' lang='grc' dir='ltr'><strong>0111ον11</strong></span> <span class='ocrx_word' id='word_1_269' title='bbox 1155 3903 1254 3940; x_wconf 85' lang='lat' dir='ltr'>om.</span> <span class='ocrx_word' id='word_1_270' title='bbox 1295 3885 1428 3940; x_wconf 73' lang='lat' dir='ltr'>libri</span> <span class='ocrx_word' id='word_1_271' title='bbox 1455 3887 1484 3954; x_wconf 73' lang='grc' dir='ltr'>,Η</span> <span class='ocrx_word' id='word_1_272' title='bbox 1531 3883 1732 3936; x_wconf 83' lang='lat' dir='ltr'>circum</span> <span class='ocrx_word' id='word_1_273' title='bbox 1773 3885 1938 3938; x_wconf 83' lang='lat' dir='ltr'>flores</span> <span class='ocrx_word' id='word_1_274' title='bbox 1972 3899 2075 3938; x_wconf 85' lang='lat' dir='ltr'>om.</span> <span class='ocrx_word' id='word_1_275' title='bbox 2112 3883 2177 3936; x_wconf 81' lang='lat' dir='ltr'><strong><em>F</em></strong></span> <span class='ocrx_word' id='word_1_276' title='bbox 2206 3885 2223 3952; x_wconf 86' lang='grc' dir='ltr'>ΙΙ</span> <span class='ocrx_word' id='word_1_277' title='bbox 2264 3885 2469 3940; x_wconf 78' lang='lat' dir='ltr'>circum</span> <span class='ocrx_word' id='word_1_278' title='bbox 2506 3903 2605 3940; x_wconf 82' lang='lat' dir='ltr'>om.</span> <span class='ocrx_word' id='word_1_279' title='bbox 2646 3885 2789 3942; x_wconf 75' lang='lat' dir='ltr'>EM</span> <span class='ocrx_word' id='word_1_280' title='bbox 2818 3887 2835 3954; x_wconf 83' lang='grc' dir='ltr'>ΙΙ</span> <span class='ocrx_word' id='word_1_281' title='bbox 2874 3885 3061 3958; x_wconf 83' lang='lat' dir='ltr'>flores]</span> <span class='ocrx_word' id='word_1_282' title='bbox 3100 3887 3253 3942; x_wconf 85' lang='lat' dir='ltr'>floris</span> 
     </span>
    </p>

    <p class='ocr_par' dir='ltr' id='par_1_17' title="bbox 671 3957 3249 4026">
     <span class='ocr_line' id='line_1_33' title="bbox 671 3957 3249 4026; baseline 0 -14"><span class='ocrx_word' id='word_1_283' title='bbox 671 3979 674 3982; x_wconf 49' lang='lat'><strong>⁴</strong></span> <span class='ocrx_word' id='word_1_284' title='bbox 711 3957 962 4014; x_wconf 73' lang='lat' dir='ltr'><strong><em>ASRH</em></strong></span> <span class='ocrx_word' id='word_1_285' title='bbox 973 4017 978 4022; x_wconf 59' lang='grc'>,</span> <span class='ocrx_word' id='word_1_286' title='bbox 1011 3957 1176 4014; x_wconf 85' lang='lat' dir='ltr'>flores</span> <span class='ocrx_word' id='word_1_287' title='bbox 1203 3959 1544 4026; x_wconf 82' lang='lat' dir='ltr'>sparguntur</span> <span class='ocrx_word' id='word_1_288' title='bbox 1573 3957 1656 4008; x_wconf 87' lang='lat' dir='ltr'>M.</span> <span class='ocrx_word' id='word_1_289' title='bbox 1699 3963 1930 4010; x_wconf 70' lang='lat' dir='ltr'>ceterum</span> <span class='ocrx_word' id='word_1_290' title='bbox 1956 3957 2065 4010; x_wconf 75' lang='lat' dir='ltr'>duo</span> <span class='ocrx_word' id='word_1_291' title='bbox 2092 3957 2299 4010; x_wconf 79' lang='lat' dir='ltr'>scholia</span> <span class='ocrx_word' id='word_1_292' title='bbox 2320 3975 2527 4026; x_wconf 71' lang='lat' dir='ltr'>parum</span> <span class='ocrx_word' id='word_1_293' title='bbox 2556 3963 2679 4026; x_wconf 75' lang='lat' dir='ltr'>apte</span> <span class='ocrx_word' id='word_1_294' title='bbox 2702 3959 3081 4026; x_wconf 66' lang='lat' dir='ltr'>conyluti‘nata</span> <span class='ocrx_word' id='word_1_295' title='bbox 3106 3965 3249 4014; x_wconf 72' lang='lat' dir='ltr'>sam.</span> 
     </span>
    </p>

    <p class='ocr_par' dir='ltr' id='par_1_18' title="bbox 709 4027 3253 4098">
     <span class='ocr_line' id='line_1_34' title="bbox 709 4027 3253 4098; baseline 0 -14"><span class='ocrx_word' id='word_1_296' title='bbox 709 4029 892 4086; x_wconf 74' lang='lat' dir='ltr'>Servii</span> <span class='ocrx_word' id='word_1_297' title='bbox 927 4035 1060 4082; x_wconf 74' lang='lat' dir='ltr'>sunt</span> <span class='ocrx_word' id='word_1_298' title='bbox 1095 4029 1306 4084; x_wconf 83' lang='lat' dir='ltr'>circum</span> <span class='ocrx_word' id='word_1_299' title='bbox 1341 4029 1526 4082; x_wconf 78' lang='lat' dir='ltr'>flores:</span> <span class='ocrx_word' id='word_1_300' title='bbox 1575 4027 1818 4096; x_wconf 81' lang='lat' dir='ltr'>speciem</span> <span class='ocrx_word' id='word_1_301' title='bbox 1861 4041 1963 4096; x_wconf 85' lang='lat' dir='ltr'>pro</span> <span class='ocrx_word' id='word_1_302' title='bbox 2008 4043 2211 4096; x_wconf 84' lang='lat' dir='ltr'>genere</span> <span class='ocrx_word' id='word_1_303' title='bbox 2254 4029 2469 4098; x_wconf 74' lang='lat' dir='ltr'>posuit,</span> <span class='ocrx_word' id='word_1_304' title='bbox 2518 4031 2745 4084; x_wconf 72' lang='lat' dir='ltr'>alterius</span> <span class='ocrx_word' id='word_1_305' title='bbox 2782 4031 3091 4098; x_wconf 73' lang='lat' dir='ltr'>interpretis</span> <span class='ocrx_word' id='word_1_306' title='bbox 3126 4033 3253 4086; x_wconf 79' lang='lat' dir='ltr'>haec</span> 
     </span>
    </p>

    <p class='ocr_par' dir='ltr' id='par_1_19' title="bbox 711 4099 3255 4172">
     <span class='ocr_line' id='line_1_35' title="bbox 711 4099 3255 4172; baseline 0 -18"><span class='ocrx_word' id='word_1_307' title='bbox 711 4101 816 4154; x_wconf 88' lang='lat' dir='ltr'>hoc</span> <span class='ocrx_word' id='word_1_308' title='bbox 855 4101 944 4154; x_wconf 80' lang='lat' dir='ltr'>est</span> <span class='ocrx_word' id='word_1_309' title='bbox 981 4101 1512 4164; x_wconf 84' lang='lat' dir='ltr'>circumfunduntur.</span> <span class='ocrx_word' id='word_1_310' title='bbox 1593 4099 1754 4152; x_wconf 76' lang='lat' dir='ltr'>‘lilia’</span> <span class='ocrx_word' id='word_1_311' title='bbox 1799 4101 1987 4152; x_wconf 81' lang='lat' dir='ltr'>autem</span> <span class='ocrx_word' id='word_1_312' title='bbox 2022 4113 2135 4164; x_wconf 84' lang='lat' dir='ltr'>pro.</span> <span class='ocrx_word' id='word_1_313' title='bbox 2164 4099 2503 4166; x_wconf 84' lang='lat' dir='ltr'>quibuslibet</span> <span class='ocrx_word' id='word_1_314' title='bbox 2538 4101 2783 4154; x_wconf 75' lang='lat' dir='ltr'>fioribus,</span> <span class='ocrx_word' id='word_1_315' title='bbox 2810 4101 2829 4168; x_wconf 77' lang='lat' dir='ltr'>ll</span> <span class='ocrx_word' id='word_1_316' title='bbox 2868 4107 2903 4152; x_wconf 87' lang='lat'>3</span> <span class='ocrx_word' id='word_1_317' title='bbox 2938 4101 3107 4172; x_wconf 87' lang='lat' dir='ltr'>longo</span> <span class='ocrx_word' id='word_1_318' title='bbox 3146 4101 3199 4154; x_wconf 81' lang='lat' dir='ltr'><em>R</em></span> <span class='ocrx_word' id='word_1_319' title='bbox 3234 4101 3255 4172; x_wconf 75' lang='grc' dir='ltr'>ΙΙ</span> 
     </span>
    </p>

    <p class='ocr_par' dir='ltr' id='par_1_20' title="bbox 713 4167 3251 4282">
     <span class='ocr_line' id='line_1_36' title="bbox 713 4167 3251 4252; baseline 0.001 -28"><span class='ocrx_word' id='word_1_320' title='bbox 713 4171 1068 4242; x_wconf 82' lang='lat' dir='ltr'>adverbium]</span> <span class='ocrx_word' id='word_1_321' title='bbox 1107 4171 1326 4224; x_wconf 80' lang='lat' dir='ltr'>scilicet</span> <span class='ocrx_word' id='word_1_322' title='bbox 1357 4167 1550 4240; x_wconf 73' lang='grc' dir='ltr'>πόρᾇ</span> <span class='ocrx_word' id='word_1_323' title='bbox 1589 4171 1714 4224; x_wconf 79' lang='lat' dir='ltr'>add.</span> <span class='ocrx_word' id='word_1_324' title='bbox 1753 4169 2059 4224; x_wconf 75' lang='lat' dir='ltr'>Fabricius</span> <span class='ocrx_word' id='word_1_325' title='bbox 2082 4171 2101 4236; x_wconf 86' lang='grc' dir='ltr'>ΙΙ</span> <span class='ocrx_word' id='word_1_326' title='bbox 2146 4175 2183 4222; x_wconf 84' lang='lat'><strong>4</strong></span> <span class='ocrx_word' id='word_1_327' title='bbox 2216 4169 2427 4252; x_wconf 64' lang='lat' dir='ltr'>longe]</span> <span class='ocrx_word' id='word_1_328' title='bbox 2446 4168 2677 4240; x_wconf 74' lang='lat' dir='ltr'>longer-e</span> <span class='ocrx_word' id='word_1_329' title='bbox 2712 4169 2773 4224; x_wconf 79' lang='lat' dir='ltr'>G.</span> <span class='ocrx_word' id='word_1_330' title='bbox 2820 4171 3051 4238; x_wconf 74' lang='lat' dir='ltr'>fortasse</span> <span class='ocrx_word' id='word_1_331' title='bbox 3082 4173 3251 4242; x_wconf 75' lang='lat' dir='ltr'>longe</span> 
     </span>
     <span class='ocr_line' id='line_1_37' title="bbox 2412 4255 2431 4282; baseline 0 -2"><span class='ocrx_word' id='word_1_332' title='bbox 2412 4255 2431 4282; x_wconf 82' lang='lat'>1</span> 
     </span>
    </p>
   </div>
   <div class='ocr_carea' id='block_1_7' title="bbox 697 4289 3299 5150">
    <p class='ocr_par' dir='ltr' id='par_1_21' title="bbox 697 4289 3299 5150">
     <span class='ocr_line' id='line_1_38' title="bbox 711 4289 3249 4364; baseline 0.001 -16"><span class='ocrx_word' id='word_1_333' title='bbox 711 4295 986 4348; x_wconf 85' lang='lat' dir='ltr'>remotum</span> <span class='ocrx_word' id='word_1_334' title='bbox 1013 4295 1034 4362; x_wconf 85' lang='grc' dir='ltr'>ΙΙ</span> <span class='ocrx_word' id='word_1_335' title='bbox 1063 4293 1116 4362; x_wconf 87' lang='lat' dir='ltr'>a]</span> <span class='ocrx_word' id='word_1_336' title='bbox 1161 4293 1232 4346; x_wconf 84' lang='lat' dir='ltr'>ad</span> <span class='ocrx_word' id='word_1_337' title='bbox 1267 4293 1332 4346; x_wconf 87' lang='lat' dir='ltr'><strong><em>F</em></strong></span> <span class='ocrx_word' id='word_1_338' title='bbox 1351 4295 1370 4362; x_wconf 74' lang='lat' dir='ltr'>ll</span> <span class='ocrx_word' id='word_1_339' title='bbox 1395 4293 1530 4348; x_wconf 84' lang='lat' dir='ltr'>fatit</span> <span class='ocrx_word' id='word_1_340' title='bbox 1569 4293 1614 4346; x_wconf 83' lang='lat'><em>0</em></span> <span class='ocrx_word' id='word_1_341' title='bbox 1635 4295 1654 4362; x_wconf 83' lang='grc' dir='ltr'>ΙΙ</span> <span class='ocrx_word' id='word_1_342' title='bbox 1701 4299 1730 4346; x_wconf 83' lang='grc'>5</span> <span class='ocrx_word' id='word_1_343' title='bbox 1767 4311 1868 4362; x_wconf 81' lang='lat' dir='ltr'>per</span> <span class='ocrx_word' id='word_1_344' title='bbox 1905 4307 2005 4346; x_wconf 81' lang='lat' dir='ltr'>om.</span> <span class='ocrx_word' id='word_1_345' title='bbox 2044 4289 2145 4360; x_wconf 75' lang='lat' dir='ltr'>Rll</span> <span class='ocrx_word' id='word_1_346' title='bbox 2188 4295 2217 4344; x_wconf 90' lang='grc'>8</span> <span class='ocrx_word' id='word_1_347' title='bbox 2254 4293 2443 4360; x_wconf 83' lang='lat' dir='ltr'>alique</span> <span class='ocrx_word' id='word_1_348' title='bbox 2480 4295 2569 4362; x_wconf 79' lang='grc' dir='ltr'>ΟἸΙ</span> <span class='ocrx_word' id='word_1_349' title='bbox 2604 4293 2751 4346; x_wconf 86' lang='lat' dir='ltr'>enim</span> <span class='ocrx_word' id='word_1_350' title='bbox 2792 4309 2889 4348; x_wconf 84' lang='lat' dir='ltr'>om.</span> <span class='ocrx_word' id='word_1_351' title='bbox 2928 4293 2983 4348; x_wconf 82' lang='lat' dir='ltr'><em>R</em></span> <span class='ocrx_word' id='word_1_352' title='bbox 3010 4297 3031 4364; x_wconf 91' lang='grc' dir='ltr'>ΙΙ</span> <span class='ocrx_word' id='word_1_353' title='bbox 3070 4301 3101 4348; x_wconf 83' lang='grc'><strong>9</strong></span> <span class='ocrx_word' id='word_1_354' title='bbox 3138 4313 3249 4350; x_wconf 82' lang='grc'><strong>11011</strong></span> 
     </span>
     <span class='ocr_line' id='line_1_39' title="bbox 711 4359 3253 4436; baseline 0.001 -18"><span class='ocrx_word' id='word_1_355' title='bbox 711 4365 948 4418; x_wconf 82' lang='lat' dir='ltr'>redeant</span> <span class='ocrx_word' id='word_1_356' title='bbox 983 4365 1050 4416; x_wconf 83' lang='lat' dir='ltr'><strong><em>H</em></strong></span> <span class='ocrx_word' id='word_1_357' title='bbox 1083 4367 1104 4434; x_wconf 81' lang='grc' dir='ltr'>ΙΙ</span> <span class='ocrx_word' id='word_1_358' title='bbox 1147 4365 1398 4436; x_wconf 86' lang='lat' dir='ltr'>aliquae]</span> <span class='ocrx_word' id='word_1_359' title='bbox 1437 4365 1594 4430; x_wconf 88' lang='lat' dir='ltr'>aliqu</span> <span class='ocrx_word' id='word_1_360' title='bbox 1627 4365 1692 4416; x_wconf 72' lang='lat' dir='ltr'>in</span> <span class='ocrx_word' id='word_1_361' title='bbox 1725 4381 1836 4416; x_wconf 74' lang='lat' dir='ltr'>rae.</span> <span class='ocrx_word' id='word_1_362' title='bbox 1875 4381 1912 4416; x_wconf 87' lang='lat' dir='ltr'>a</span> <span class='ocrx_word' id='word_1_363' title='bbox 1958 4364 1977 4430; x_wconf 92' lang='grc' dir='ltr'>ΙΙ</span> <span class='ocrx_word' id='word_1_364' title='bbox 2018 4359 2257 4416; x_wconf 72' lang='lat' dir='ltr'>redeunt</span> <span class='ocrx_word' id='word_1_365' title='bbox 2294 4407 2307 4418; x_wconf 90' lang='lat'><strong>.</strong></span> <span class='ocrx_word' id='word_1_366' title='bbox 2336 4405 2347 4416; x_wconf 90' lang='lat'><strong><em>.</em></strong></span> <span class='ocrx_word' id='word_1_367' title='bbox 2380 4407 2389 4416; x_wconf 94' lang='lat'><strong>.</strong></span> <span class='ocrx_word' id='word_1_368' title='bbox 2432 4363 2841 4434; x_wconf 71' lang='lat' dir='ltr'>necessitatem]</span> <span class='ocrx_word' id='word_1_369' title='bbox 2884 4371 3111 4434; x_wconf 83' lang='lat' dir='ltr'>propter</span> <span class='ocrx_word' id='word_1_370' title='bbox 3146 4367 3253 4420; x_wconf 85' lang='lat' dir='ltr'>fati</span> 
     </span>
     <span class='ocr_line' id='line_1_40' title="bbox 707 4433 3251 4508; baseline 0.002 -20"><span class='ocrx_word' id='word_1_371' title='bbox 707 4437 1100 4490; x_wconf 80' lang='lat' dir='ltr'>necessitatem</span> <span class='ocrx_word' id='word_1_372' title='bbox 1139 4437 1362 4504; x_wconf 83' lang='lat' dir='ltr'>aliquae</span> <span class='ocrx_word' id='word_1_373' title='bbox 1395 4439 1626 4502; x_wconf 77' lang='lat' dir='ltr'>propter</span> <span class='ocrx_word' id='word_1_374' title='bbox 1663 4437 1872 4488; x_wconf 82' lang='lat' dir='ltr'>malam</span> <span class='ocrx_word' id='word_1_375' title='bbox 1907 4435 2085 4488; x_wconf 83' lang='lat' dir='ltr'>uitam</span> <span class='ocrx_word' id='word_1_376' title='bbox 2120 4435 2355 4488; x_wconf 84' lang='lat' dir='ltr'>redeunt</span> <span class='ocrx_word' id='word_1_377' title='bbox 2392 4433 2447 4488; x_wconf 80' lang='lat' dir='ltr'><em>R</em></span> <span class='ocrx_word' id='word_1_378' title='bbox 2482 4435 2505 4502; x_wconf 77' lang='lat' dir='ltr'>ll</span> <span class='ocrx_word' id='word_1_379' title='bbox 2554 4439 2613 4488; x_wconf 87' lang='grc'>11</span> <span class='ocrx_word' id='word_1_380' title='bbox 2658 4435 2715 4488; x_wconf 88' lang='lat' dir='ltr'>et</span> <span class='ocrx_word' id='word_1_381' title='bbox 2752 4451 2849 4488; x_wconf 82' lang='lat' dir='ltr'>om.</span> <span class='ocrx_word' id='word_1_382' title='bbox 2894 4435 2941 4488; x_wconf 81' lang='lat' dir='ltr'><em>O</em></span> <span class='ocrx_word' id='word_1_383' title='bbox 2968 4441 2989 4508; x_wconf 85' lang='grc' dir='ltr'>ΙΙ</span> <span class='ocrx_word' id='word_1_384' title='bbox 3038 4443 3099 4492; x_wconf 91' lang='grc'>12</span> <span class='ocrx_word' id='word_1_385' title='bbox 3138 4449 3251 4492; x_wconf 78' lang='lat' dir='ltr'>non</span> 
     </span>
     <span class='ocr_line' id='line_1_41' title="bbox 709 4503 3249 4578; baseline 0.001 -18"><span class='ocrx_word' id='word_1_386' title='bbox 709 4507 916 4578; x_wconf 82' lang='lat' dir='ltr'>totum]</span> <span class='ocrx_word' id='word_1_387' title='bbox 955 4509 1146 4560; x_wconf 82' lang='lat' dir='ltr'>notum</span> <span class='ocrx_word' id='word_1_388' title='bbox 1185 4509 1238 4560; x_wconf 85' lang='lat' dir='ltr'><strong><em>A</em></strong></span> <span class='ocrx_word' id='word_1_389' title='bbox 1277 4509 1438 4570; x_wconf 70' lang='lat' dir='ltr'>(corr.</span> <span class='ocrx_word' id='word_1_390' title='bbox 1477 4505 1534 4572; x_wconf 87' lang='lat' dir='ltr'>a)</span> <span class='ocrx_word' id='word_1_391' title='bbox 1563 4507 1584 4572; x_wconf 82' lang='grc' dir='ltr'>ΙΙ</span> <span class='ocrx_word' id='word_1_392' title='bbox 1621 4509 1690 4558; x_wconf 85' lang='grc'>13</span> <span class='ocrx_word' id='word_1_393' title='bbox 1725 4509 1918 4560; x_wconf 73' lang='lat' dir='ltr'>tantae</span> <span class='ocrx_word' id='word_1_394' title='bbox 1956 4521 2055 4558; x_wconf 85' lang='lat' dir='ltr'>om.</span> <span class='ocrx_word' id='word_1_395' title='bbox 2092 4503 2203 4560; x_wconf 81' lang='lat' dir='ltr'>AS</span> <span class='ocrx_word' id='word_1_396' title='bbox 2234 4505 2405 4572; x_wconf 74' lang='lat' dir='ltr'>(supr.</span> <span class='ocrx_word' id='word_1_397' title='bbox 2442 4521 2575 4558; x_wconf 70' lang='lat' dir='ltr'>vers,</span> <span class='ocrx_word' id='word_1_398' title='bbox 2612 4507 2737 4560; x_wconf 79' lang='lat' dir='ltr'>add.</span> <span class='ocrx_word' id='word_1_399' title='bbox 2778 4507 2833 4572; x_wconf 89' lang='lat' dir='ltr'>a)</span> <span class='ocrx_word' id='word_1_400' title='bbox 2860 4509 2881 4574; x_wconf 91' lang='grc' dir='ltr'>ΙΙ</span> <span class='ocrx_word' id='word_1_401' title='bbox 2920 4511 3249 4578; x_wconf 83' lang='lat' dir='ltr'>prudentiae</span> 
     </span>
     <span class='ocr_line' id='line_1_42' title="bbox 709 4575 3251 4652; baseline 0 -20"><span class='ocrx_word' id='word_1_402' title='bbox 709 4581 1010 4648; x_wconf 83' lang='lat' dir='ltr'>tantaeque</span> <span class='ocrx_word' id='word_1_403' title='bbox 1047 4575 1172 4632; x_wconf 72' lang='lat' dir='ltr'>hab.</span> <span class='ocrx_word' id='word_1_404' title='bbox 1203 4577 1332 4632; x_wconf 79' lang='lat' dir='ltr'>GM</span> <span class='ocrx_word' id='word_1_405' title='bbox 1353 4577 1372 4645; x_wconf 92' lang='grc' dir='ltr'>ΙΙ</span> <span class='ocrx_word' id='word_1_406' title='bbox 1397 4575 1744 4646; x_wconf 79' lang='lat' dir='ltr'>vivacitatis]</span> <span class='ocrx_word' id='word_1_407' title='bbox 1779 4575 2097 4632; x_wconf 83' lang='lat' dir='ltr'>inuatitatis</span> <span class='ocrx_word' id='word_1_408' title='bbox 2124 4575 2195 4628; x_wconf 88' lang='lat' dir='ltr'><em>H</em></span> <span class='ocrx_word' id='word_1_409' title='bbox 2212 4579 2233 4644; x_wconf 82' lang='grc' dir='ltr'>ΙΙ</span> <span class='ocrx_word' id='word_1_410' title='bbox 2262 4581 2329 4628; x_wconf 89' lang='grc'>14</span> <span class='ocrx_word' id='word_1_411' title='bbox 2362 4578 2527 4644; x_wconf 82' lang='lat' dir='ltr'>putat</span> <span class='ocrx_word' id='word_1_412' title='bbox 2554 4575 2617 4628; x_wconf 89' lang='grc' dir='ltr'>Η</span> <span class='ocrx_word' id='word_1_413' title='bbox 2626 4577 2675 4630; x_wconf 81' lang='grc' dir='ltr'><em>Ο</em></span> <span class='ocrx_word' id='word_1_414' title='bbox 2694 4581 2715 4646; x_wconf 87' lang='grc' dir='ltr'>ΙΙ</span> <span class='ocrx_word' id='word_1_415' title='bbox 2742 4581 2809 4632; x_wconf 83' lang='grc'>15</span> <span class='ocrx_word' id='word_1_416' title='bbox 2844 4575 2983 4652; x_wconf 85' lang='lat' dir='ltr'>vim]</span> <span class='ocrx_word' id='word_1_417' title='bbox 3028 4599 3151 4634; x_wconf 88' lang='lat' dir='ltr'>cum</span> <span class='ocrx_word' id='word_1_418' title='bbox 3188 4581 3251 4632; x_wconf 87' lang='lat' dir='ltr'><em>H</em></span> 
     </span>
     <span class='ocr_line' id='line_1_43' title="bbox 711 4647 3251 4718; baseline 0 -14"><span class='ocrx_word' id='word_1_419' title='bbox 711 4649 930 4704; x_wconf 89' lang='lat' dir='ltr'>culmen</span> <span class='ocrx_word' id='word_1_420' title='bbox 969 4651 1278 4704; x_wconf 68' lang='lat' dir='ltr'>Maevieius</span> <span class='ocrx_word' id='word_1_421' title='bbox 1305 4651 1326 4718; x_wconf 84' lang='grc' dir='ltr'>ΙΙ</span> <span class='ocrx_word' id='word_1_422' title='bbox 1359 4647 1512 4718; x_wconf 84' lang='lat' dir='ltr'>post]</span> <span class='ocrx_word' id='word_1_423' title='bbox 1553 4649 1780 4716; x_wconf 84' lang='lat' dir='ltr'>propter</span> <span class='ocrx_word' id='word_1_424' title='bbox 1815 4647 2119 4702; x_wconf 71' lang='lat' dir='ltr'>Maseieius</span> <span class='ocrx_word' id='word_1_425' title='bbox 2158 4653 2209 4700; x_wconf 80' lang='lat' dir='ltr'>et</span> <span class='ocrx_word' id='word_1_426' title='bbox 2240 4647 2603 4700; x_wconf 74' lang='lat' dir='ltr'>Burmannus</span> <span class='ocrx_word' id='word_1_427' title='bbox 2638 4647 2665 4716; x_wconf 79' lang='grc' dir='ltr'>ΙΙ,</span> <span class='ocrx_word' id='word_1_428' title='bbox 2700 4653 2767 4702; x_wconf 84' lang='grc'>18</span> <span class='ocrx_word' id='word_1_429' title='bbox 2804 4651 2991 4704; x_wconf 83' lang='lat' dir='ltr'>anima</span> <span class='ocrx_word' id='word_1_430' title='bbox 3030 4651 3101 4704; x_wconf 86' lang='lat' dir='ltr'>ad.</span> <span class='ocrx_word' id='word_1_431' title='bbox 3136 4653 3251 4706; x_wconf 85' lang='lat' dir='ltr'>ima</span> 
     </span>
     <span class='ocr_line' id='line_1_44' title="bbox 697 4715 3299 4789; baseline 0 -17"><span class='ocrx_word' id='word_1_432' title='bbox 697 4715 1050 4776; x_wconf 73' lang='lat' dir='ltr'>‘descendens</span> <span class='ocrx_word' id='word_1_433' title='bbox 1077 4721 1152 4776; x_wconf 90' lang='lat' dir='ltr'>D.</span> <span class='ocrx_word' id='word_1_434' title='bbox 1211 4721 1278 4776; x_wconf 82' lang='lat' dir='ltr'>ad</span> <span class='ocrx_word' id='word_1_435' title='bbox 1317 4719 1432 4772; x_wconf 87' lang='lat' dir='ltr'>ima</span> <span class='ocrx_word' id='word_1_436' title='bbox 1467 4719 1636 4772; x_wconf 68' lang='lat' dir='ltr'>edidit</span> <span class='ocrx_word' id='word_1_437' title='bbox 1663 4717 1975 4786; x_wconf 73' lang='lat' dir='ltr'>Stephanus</span> <span class='ocrx_word' id='word_1_438' title='bbox 1996 4721 2017 4789; x_wconf 81' lang='grc' dir='ltr'>Ι]</span> <span class='ocrx_word' id='word_1_439' title='bbox 2048 4725 2113 4772; x_wconf 88' lang='grc'>19</span> <span class='ocrx_word' id='word_1_440' title='bbox 2152 4719 2299 4772; x_wconf 88' lang='lat' dir='ltr'>unde</span> <span class='ocrx_word' id='word_1_441' title='bbox 2336 4719 2507 4772; x_wconf 88' lang='lat' dir='ltr'>etiam</span> <span class='ocrx_word' id='word_1_442' title='bbox 2546 4719 2897 4788; x_wconf 77' lang='lat' dir='ltr'>disputantes</span> <span class='ocrx_word' id='word_1_443' title='bbox 2936 4721 3001 4772; x_wconf 88' lang='lat' dir='ltr'>de</span> <span class='ocrx_word' id='word_1_444' title='bbox 3034 4719 3247 4774; x_wconf 82' lang='lat' dir='ltr'>ratione</span> <span class='ocrx_word' id='word_1_445' title='bbox 3294 4779 3299 4782; x_wconf 57' lang='grc'><strong>,</strong></span> 
     </span>
     <span class='ocr_line' id='line_1_45' title="bbox 709 4789 3257 4860; baseline 0.001 -18"><span class='ocrx_word' id='word_1_446' title='bbox 709 4791 1100 4846; x_wconf 83' lang='lat' dir='ltr'>mathematici</span> <span class='ocrx_word' id='word_1_447' title='bbox 1131 4793 1194 4846; x_wconf 89' lang='lat' dir='ltr'><em>D</em></span> <span class='ocrx_word' id='word_1_448' title='bbox 1221 4795 1240 4860; x_wconf 89' lang='grc' dir='ltr'>ΙΙ</span> <span class='ocrx_word' id='word_1_449' title='bbox 1263 4789 1492 4844; x_wconf 84' lang='lat' dir='ltr'>mahtiti</span> <span class='ocrx_word' id='word_1_450' title='bbox 1531 4789 1580 4844; x_wconf 83' lang='lat'><em>0</em></span> <span class='ocrx_word' id='word_1_451' title='bbox 1611 4791 2011 4856; x_wconf 82' lang='lat' dir='ltr'>(mathematici</span> <span class='ocrx_word' id='word_1_452' title='bbox 2050 4805 2315 4860; x_wconf 56' lang='lat' dir='ltr'>super-scr.</span> <span class='ocrx_word' id='word_1_453' title='bbox 2350 4805 2493 4844; x_wconf 79' lang='lat' dir='ltr'>man.</span> <span class='ocrx_word' id='word_1_454' title='bbox 2536 4791 2661 4860; x_wconf 76' lang='lat' dir='ltr'>rec.)</span> <span class='ocrx_word' id='word_1_455' title='bbox 2688 4795 2707 4860; x_wconf 78' lang='grc' dir='ltr'>ΙΙ</span> <span class='ocrx_word' id='word_1_456' title='bbox 2746 4797 2815 4844; x_wconf 88' lang='grc'><strong>20</strong></span> <span class='ocrx_word' id='word_1_457' title='bbox 2848 4807 3149 4844; x_wconf 84' lang='lat' dir='ltr'>nomenum</span> <span class='ocrx_word' id='word_1_458' title='bbox 3188 4793 3257 4844; x_wconf 86' lang='lat' dir='ltr'><em>H</em></span> 
     </span>
     <span class='ocr_line' id='line_1_46' title="bbox 711 4859 3245 4932; baseline 0.001 -18"><span class='ocrx_word' id='word_1_459' title='bbox 711 4863 944 4916; x_wconf 85' lang='lat' dir='ltr'>nimium</span> <span class='ocrx_word' id='word_1_460' title='bbox 983 4859 1028 4914; x_wconf 84' lang='lat' dir='ltr'><strong><em>C</em></strong></span> <span class='ocrx_word' id='word_1_461' title='bbox 1065 4865 1084 4932; x_wconf 86' lang='grc' dir='ltr'>ΙΙ</span> <span class='ocrx_word' id='word_1_462' title='bbox 1127 4869 1194 4918; x_wconf 91' lang='grc'>21</span> <span class='ocrx_word' id='word_1_463' title='bbox 1233 4863 1466 4916; x_wconf 84' lang='lat' dir='ltr'>tradunt</span> <span class='ocrx_word' id='word_1_464' title='bbox 1499 4861 1562 4914; x_wconf 78' lang='lat' dir='ltr'><strong><em>F</em></strong></span> <span class='ocrx_word' id='word_1_465' title='bbox 1599 4860 1620 4929; x_wconf 84' lang='grc' dir='ltr'>ΙΙ</span> <span class='ocrx_word' id='word_1_466' title='bbox 1663 4865 1732 4914; x_wconf 87' lang='grc'>22</span> <span class='ocrx_word' id='word_1_467' title='bbox 1769 4861 2007 4914; x_wconf 84' lang='lat' dir='ltr'>mercuri</span> <span class='ocrx_word' id='word_1_468' title='bbox 2044 4861 2161 4918; x_wconf 79' lang='lat' dir='ltr'>AG</span> <span class='ocrx_word' id='word_1_469' title='bbox 2194 4861 2471 4932; x_wconf 79' lang='lat' dir='ltr'>(mercurii</span> <span class='ocrx_word' id='word_1_470' title='bbox 2506 4865 2565 4932; x_wconf 89' lang='lat' dir='ltr'>a)</span> <span class='ocrx_word' id='word_1_471' title='bbox 2604 4863 2623 4930; x_wconf 84' lang='grc' dir='ltr'>ΙΙ</span> <span class='ocrx_word' id='word_1_472' title='bbox 2672 4869 2737 4916; x_wconf 83' lang='grc'><strong>23</strong></span> <span class='ocrx_word' id='word_1_473' title='bbox 2776 4863 3245 4930; x_wconf 83' lang='lat' dir='ltr'>perturbationem</span> 
     </span>
     <span class='ocr_line' id='line_1_47' title="bbox 713 4931 3247 5004; baseline 0 -18"><span class='ocrx_word' id='word_1_474' title='bbox 713 4975 724 4986; x_wconf 94' lang='lat'>.</span> <span class='ocrx_word' id='word_1_475' title='bbox 755 4977 768 4988; x_wconf 91' lang='lat'><strong>.</strong></span> <span class='ocrx_word' id='word_1_476' title='bbox 801 4977 814 4988; x_wconf 91' lang='lat'><strong>.</strong></span> <span class='ocrx_word' id='word_1_477' title='bbox 851 4933 1092 5002; x_wconf 76' lang='lat' dir='ltr'>propriis</span> <span class='ocrx_word' id='word_1_478' title='bbox 1127 4951 1230 4988; x_wconf 85' lang='lat' dir='ltr'>om.</span> <span class='ocrx_word' id='word_1_479' title='bbox 1267 4935 1330 4986; x_wconf 78' lang='lat' dir='ltr'>F</span> <span class='ocrx_word' id='word_1_480' title='bbox 1361 4935 1380 5000; x_wconf 92' lang='grc' dir='ltr'>ΙΙ</span> <span class='ocrx_word' id='word_1_481' title='bbox 1425 4939 1494 4986; x_wconf 84' lang='grc'><strong>24</strong></span> <span class='ocrx_word' id='word_1_482' title='bbox 1529 4931 1768 5002; x_wconf 74' lang='lat' dir='ltr'>possint]</span> <span class='ocrx_word' id='word_1_483' title='bbox 1809 4935 2045 5000; x_wconf 81' lang='lat' dir='ltr'>possunt</span> <span class='ocrx_word' id='word_1_484' title='bbox 2078 4933 2131 4986; x_wconf 76' lang='lat' dir='ltr'><em>R</em></span> <span class='ocrx_word' id='word_1_485' title='bbox 2188 4931 2395 5002; x_wconf 78' lang='lat' dir='ltr'>possim</span> <span class='ocrx_word' id='word_1_486' title='bbox 2434 4933 2539 4986; x_wconf 81' lang='lat' dir='ltr'>tibi</span> <span class='ocrx_word' id='word_1_487' title='bbox 2576 4935 2643 4986; x_wconf 84' lang='grc' dir='ltr'><em>Η</em></span> <span class='ocrx_word' id='word_1_488' title='bbox 2680 4936 2699 5001; x_wconf 84' lang='grc' dir='ltr'>ΙΙ</span> <span class='ocrx_word' id='word_1_489' title='bbox 2740 4933 2827 4986; x_wconf 82' lang='lat' dir='ltr'>uti</span> <span class='ocrx_word' id='word_1_490' title='bbox 2860 4935 3075 5004; x_wconf 81' lang='lat' dir='ltr'>vigore]</span> <span class='ocrx_word' id='word_1_491' title='bbox 3114 4939 3177 4986; x_wconf 81' lang='lat' dir='ltr'>ut</span> <span class='ocrx_word' id='word_1_492' title='bbox 3210 4953 3247 4986; x_wconf 82' lang='lat' dir='ltr'>a</span> 
     </span>
     <span class='ocr_line' id='line_1_48' title="bbox 711 4999 3241 5074; baseline 0 -16"><span class='ocrx_word' id='word_1_493' title='bbox 711 5005 900 5072; x_wconf 76' lang='lat' dir='ltr'>uigore</span> <span class='ocrx_word' id='word_1_494' title='bbox 931 5001 976 5056; x_wconf 80' lang='lat' dir='ltr'><strong><em>S</em></strong></span> <span class='ocrx_word' id='word_1_495' title='bbox 995 5001 1014 5068; x_wconf 87' lang='grc' dir='ltr'>ΙΙ</span> <span class='ocrx_word' id='word_1_496' title='bbox 1043 5009 1110 5056; x_wconf 84' lang='grc'><strong>25</strong></span> <span class='ocrx_word' id='word_1_497' title='bbox 1149 5001 1332 5058; x_wconf 78' lang='lat' dir='ltr'>securi</span> <span class='ocrx_word' id='word_1_498' title='bbox 1365 5005 1432 5056; x_wconf 86' lang='lat' dir='ltr'><em>H</em></span> <span class='ocrx_word' id='word_1_499' title='bbox 1455 5009 1474 5074; x_wconf 74' lang='grc' dir='ltr'>ΙΙ</span> <span class='ocrx_word' id='word_1_500' title='bbox 1497 5001 1734 5072; x_wconf 85' lang='lat' dir='ltr'>faciunt]</span> <span class='ocrx_word' id='word_1_501' title='bbox 1773 5003 1836 5056; x_wconf 88' lang='lat' dir='ltr'>id.</span> <span class='ocrx_word' id='word_1_502' title='bbox 1869 5007 1957 5058; x_wconf 83' lang='lat' dir='ltr'>est</span> <span class='ocrx_word' id='word_1_503' title='bbox 1990 5007 2109 5058; x_wconf 87' lang='lat' dir='ltr'>sine</span> <span class='ocrx_word' id='word_1_504' title='bbox 2148 5021 2281 5058; x_wconf 86' lang='lat' dir='ltr'>eura</span> <span class='ocrx_word' id='word_1_505' title='bbox 2316 5003 2371 5056; x_wconf 86' lang='lat' dir='ltr'>id</span> <span class='ocrx_word' id='word_1_506' title='bbox 2410 5005 2491 5058; x_wconf 76' lang='lat' dir='ltr'>cst</span> <span class='ocrx_word' id='word_1_507' title='bbox 2528 4999 2933 5070; x_wconf 75' lang='grc' dir='ltr'><strong><em>ἄφροντίστους</em></strong></span> <span class='ocrx_word' id='word_1_508' title='bbox 2968 5007 3095 5058; x_wconf 80' lang='lat' dir='ltr'>add.</span> <span class='ocrx_word' id='word_1_509' title='bbox 3126 5007 3241 5060; x_wconf 83' lang='lat' dir='ltr'>Fa-</span> 
     </span>
     <span class='ocr_line' id='line_1_49' title="bbox 711 5045 2871 5150; baseline 0 -20"><span class='ocrx_word' id='word_1_510' title='bbox 711 5077 914 5130; x_wconf 50' lang='lat' dir='ltr'>bricius</span> <span class='ocrx_word' id='word_1_511' title='bbox 943 5075 962 5142; x_wconf 72' lang='grc' dir='ltr'>ΙΙ</span> <span class='ocrx_word' id='word_1_512' title='bbox 995 5075 1236 5140; x_wconf 81' lang='lat' dir='ltr'>pallidos</span> <span class='ocrx_word' id='word_1_513' title='bbox 1273 5075 1494 5130; x_wconf 79' lang='lat' dir='ltr'>morbos</span> <span class='ocrx_word' id='word_1_514' title='bbox 1535 5075 1608 5128; x_wconf 88' lang='lat' dir='ltr'><em>M</em></span> <span class='ocrx_word' id='word_1_515' title='bbox 1657 5075 1882 5130; x_wconf 82' lang='lat' dir='ltr'>morbus</span> <span class='ocrx_word' id='word_1_516' title='bbox 1921 5073 2163 5144; x_wconf 74' lang='lat' dir='ltr'>pallidus</span> <span class='ocrx_word' id='word_1_517' title='bbox 2200 5075 2259 5130; x_wconf 82' lang='lat' dir='ltr'><em>F</em></span> <span class='ocrx_word' id='word_1_518' title='bbox 2284 5079 2303 5148; x_wconf 73' lang='grc' dir='ltr'>ΙΙ</span> <span class='ocrx_word' id='word_1_519' title='bbox 2342 5079 2409 5128; x_wconf 81' lang='grc'><strong>26</strong></span> <span class='ocrx_word' id='word_1_520' title='bbox 2450 5077 2619 5146; x_wconf 87' lang='lat' dir='ltr'>quod]</span> <span class='ocrx_word' id='word_1_521' title='bbox 2662 5045 2761 5150; x_wconf 57' lang='lat' dir='ltr'>qiii</span> <span class='ocrx_word' id='word_1_522' title='bbox 2800 5077 2871 5130; x_wconf 84' lang='lat' dir='ltr'><em>M</em></span> 
     </span>
    </p>
   </div>
   <div class='ocr_carea' id='block_1_8' title="bbox 2686 5159 2713 5300">
    <p class='ocr_par' dir='ltr' id='par_1_22' title="bbox 2686 5159 2713 5300">
     <span class='ocr_line' id='line_1_50' title="bbox 2686 5159 2713 5300; baseline 0 -84"><span class='ocrx_word' id='word_1_523' title='bbox 2686 5159 2713 5300; x_wconf 44' lang='lat' dir='ltr'>l)</span> 
     </span>
    </p>
   </div>
  </div>
 </body>
</html>
