3900 5784
1353 617 1582 674 COMM.
1619 617 1702 672 IN
1733 617 1955 672 VERG.
1992 615 2159 670 AEN.
2198 613 2307 668 VII
2342 619 2531 668 1—10.
3100 613 3227 676 125

847 779 904 844 7.
977 795 1238 842 TENDIT
1297 797 1460 842 ITER
1513 797 1714 846 VELIS
1771 779 1930 866 quia
1988 781 2189 862 prout
2248 779 2395 842 vela
2464 783 2731 842 extensa
2798 775 3065 860 fuerint,
3130 775 3227 840 ita

663 887 862 950 etiam
913 905 1134 950 cursus
1185 885 1580 972 extenditur,
1623 887 1696 952 111
1741 909 1868 970 (1110
1917 887 2099 952 navis
2150 887 2249 950 est
2300 887 2441 952 iter.
2518 887 2711 952 multi
2750 885 2973 950 dicunt
3008 885 3225 970 inpro-

661 995 804 1076 prie
853 991 1096 1058 dictum
1141 993 1312 1076 quod
1357 993 1452 1056 ait
1495 991 1730 1058 ‘tendit
1765 995 1894 1056 iter
1933 993 2135 1076 velis',
2186 994 2375 1058 multi
2416 995 2689 1058 nimium
2734 991 3015 1076 proprie.
3078 1015 3221 1058 con-

661 1103 800 1164 stat
853 1103 1078 1164 tamen
1133 1099 1480 1164 secundum
1537 1099 1702 1162 illud
1755 1097 1997 1162 dictum
2054 1099 2221 1184 quod
2270 1101 2363 1164 ait
2412 1121 2605 1182 supra
2656 1097 2759 1182 <V
2806 1099 2937 1182 28>
2984 1097 3223 1164 flecte

661 1207 862 1270 viam
907 1205 1122 1270 velis,
1201 1205 1376 1268 aliud
1429 1209 1530 1268 est
1573 1205 1732 1268 velis
1783 1205 1910 1268 iter
1954 1205 2243 1288 tendere,
2296 1205 2465 1270 aliud
2512 1227 2629 1286 per
2668 1205 2809 1268 vela
2842 1205 2983 1268 iter.
3056 1205 3223 1288 quod
3264 1221 3297 1268 5

661 1313 718 1376 si
775 1313 1046 1376 dicimus
1057 1363 1076 1396 ,
1135 1313 1306 1376 bene
1355 1311 1650 1394 procedit
1705 1313 1772 1374 et
1829 1309 2053 1374 ‘tende
2096 1311 2271 1374 viam
2320 1309 2477 1374 velis
2492 1307 2537 1394 ⁹,
2594 1311 2671 1372 ut
2720 1311 2793 1372 in
2844 1311 3009 1394 ipsis
3064 1313 3223 1376 velis

661 1419 836 1484 ratio
883 1417 970 1482 sit
1015 1419 1198 1482 viae.‘

841 1525 898 1588 8.
971 1541 1368 1590 ADSPIRANT
1421 1543 1652 1588 AVRAE
1699 1541 1774 1588 IN
1819 1539 2107 1588 NOCTEM
2160 1523 2333 1606 quia,
2388 1525 2459 1586 ut
2510 1521 2793 1586 diximus
2840 1521 2985 1606 <III
3034 1523 3221 1610 568),

659 1635 1028 1714 temporum
1081 1631 1440 1696 mutatione
1483 1635 1716 1694 ventus
1765 1631 1864 1694 vel
1913 1629 2225 1694 minuitur
2274 1629 2373 1694 vel
2422 1633 2719 1714 augetur..
2804 1629 2897 1694 ‘in
2938 1631 3219 1694 noctem'

661 1740 878 1802 autem
939 1739 1108 1802 circa
1163 1741 1440 1802 noctem.
1533 1739 1596 1800 et
1643 1737 1942 1824 quotiens
1998 1741 2253 1820 tempus
2312 1737 2723 1822 exprimitur,
2782 1739 3221 1802 accusativum
3266 1755 3329 1802 10

661 1845 832 1928 regit
877 1843 1008 1908 ista
1053 1843 1468 1926 praepositio.

837 1951 898 2014 9.
971 1967 1162 2014 LVNA
1215 1965 1456 2014 NEGAT
1509 1949 1728 2014 litotes
1785 1951 2019 2036 ftywa3
2072 1973 2225 2016 nam
2284 1949 2441 2016 dicit
2486 1949 2701 2036 ‘large
2748 1949 3093 2036 praestat'‚
3152 1953 3225 2012 ut

661 2057 878 2142 <261>
949 2079 1258 2122 munera
1317 2077 1466 2132 1166.
1509 2079 1806 2140 sperno·
1891 2121 1894 2124 ,
2000 2075 2331 2124 TREMVLO
2392 2075 2519 2124 SVB
2570 2075 2837 2124 LVMINE
2894 2057 2987 2120 ita
3052 2056 3221 2120 enim

663 2165 996 2230 mobilitas
1051 2183 1252 2246 aquae
1301 2163 1462 2228 facit
1507 2163 1722 2228 videri.

841 2271 942 2334 10.
1017 2285 1354 2336 CIROAEAE
1423 2287 1806 2334 RADVNTVR
1869 2289 2135 2336 eronA
2198 2289 2475 2336 TERRAE
2540 2275 2615 2336 ut
2678 2273 2957 2336 diximus
3026 2293 3221 2354 supra
3272 2285 3335 2334 15

661 2375 802 2460 <III
845 2375 1022 2460 386>
1033 2429 1050 2462 ,
1101 2399 1294 2442 mons
1349 2375 1474 2442 istc
1535 2377 1808 2454 antehac
1853 2377 2071 2444 insula
2114 2379 2269 2462 fuit3
2322 2377 2673 2462 paludibus
2720 2377 2895 2444 enim
2940 2399 2981 2442 a
3032 2377 3231 2442 conti-

657 2483 842 2547 nenti
905 2485 1400 2570 segregabatur,
1459 2507 1620 2568 quas
1681 2485 1955 2552 exclusit
2012 2485 2197 2550 limus
2256 2483 2333 2548 de
2394 2485 2669 2550 Albanis
2722 2485 3059 2550 montibus
3110 2505 3227 2566 per

661 2717 874 2784 scripta
925 2721 1054 2768 sant
1099 2713 1300 2768 ‘Hem
1347 2713 1536 2784 Steph.
1579 2715 1708 2784 Zeyit
1753 2715 1944 2768 Aaron
1992 2715 2309 2768 Helenius’.
2388 2713 2653 2768 Helenius
2702 2717 2841 2768 coni.
2888 2717 3231 2770 Parrhasias

663 2787 818 2856 epist.
855 2803 946 2854 qu.
983 2785 1060 2840 IV
1091 2791 1138 2840 5.
1195 2785 1264 2852 ef.
1303 2783 1588 2840 Ribbeck&
1615 2787 1760 2854 prol.
1795 2801 1854 2854 p.
1899 2791 2003 2840 174
2028 2801 2137 2856 sqq.
2176 2791 2225 2840 et
2262 2785 2487 2854 Haqeni
2522 2787 2681 2840 schol.
2718 2787 2893 2842 Rern.
2926 2803 2985 2856 p.
3020 2793 3121 2840 731
3150 2803 3225 2856 sq.

661 2857 988 2926 Reyi‘nensis
1023 2857 1282 2912 memoria
1315 2855 1616 2912 Beruenses
1653 2857 1975 2912 scholiastae
2012 2873 2195 2912 novem
2234 2857 2367 2912 loeis
2402 2855 2573 2912 Ebria·
2612 2857 2887 2928 exemplar
2920 2873 3225 2912 commemo-

661 2931 840 2984 rantis
871 2929 1192 2984 testimoniis
1217 2945 1540 2998 maynopere
1567 2929 1991 2984 commendatur.
2046 2933 2279 2982 ceteram
2304 2927 2523 2984 Hebrus
2560 2929 2843 2998 expositor
2880 2931 2943 2984 ia
2970 2945 3143 2998 mara.
3170 2947 3227 2996 a,

661 3019 704 3056 8.
743 3003 1154 3056 commentator
1189 3017 1336 3068 supr.
1375 3017 1510 3054 vers.
1551 3001 1570 3054 Z
1603 3001 1624 3068 ΙΙ
1681 3005 1708 3054 1
1751 2999 1942 3072 prout]
1982 2997 2069 3054 uti
2106 2999 2169 3052 F
2216 3001 2283 3052 ut
2318 3017 2419 3068 pro
2462 2999 2517 3052 G
2550 3001 2567 3070 11
2616 3005 2649 3054 2
2684 2999 2851 3054 multi
2890 2999 3085 3054 dicunt
3126 3043 3137 3056 .
3166 3041 3179 3054 .
3212 3043 3225 3056 .

661 3071 810 3126 ratio
847 3071 926 3124 sit
957 3071 1084 3126 viae
1125 3071 1222 3138 M,
1273 3071 1384 3126 nisi
1421 3073 1564 3140 quod
1601 3071 1698 3124 lin.
1737 3077 1794 3126 4.
1809 3089 1920 3140 pro
1966 3069 2117 3140 quod
2168 3069 2249 3124 ait
2296 3087 2467 3140 supra
2516 3071 2725 3126 exhibet
2768 3089 2903 3124 nam
2938 3085 3109 3140 supra
3146 3071 3229 3126 ait

661 3147 710 3194 et
747 3143 844 3196 Zia.
891 3149 922 3198 7
967 3161 1096 3196 nam
1147 3143 1228 3196 ait
1277 3159 1444 3212 supra
1489 3143 1654 3196 flecte
1699 3143 1852 3196 uiam
1909 3143 2049 3194 uelis
2084 3147 2215 3210 post
2262 3143 2407 3196 ratio
2454 3141 2531 3194 sit
2572 3143 2699 3196 viae
2748 3143 2927 3196 addit:
2976 3143 3229 3196 tenditur

665 3213 870 3284 (tendit
907 3215 1016 3268 iter
1055 3217 1108 3282 a)
1147 3215 1312 3268 multi
1351 3213 1546 3266 dicunt
1579 3213 1864 3282 inproprie
1905 3213 2115 3266 dictum
2156 3211 2303 3282 quod
2342 3213 2425 3266 ait
2458 3211 2627 3266 flecte
2660 3213 2809 3266 uiam
2850 3213 3011 3266 uelis.
3066 3213 3227 3266 aliud

665 3287 746 3338 est
783 3285 892 3338 iter
931 3283 1070 3338 uelis
1107 3285 1336 3338 tendere
1377 3283 1534 3338 aliud
1567 3301 1672 3352 per
1703 3285 1832 3338 uela
1869 3285 1977 3338 iter
2018 3299 2127 3352 quo
2164 3284 2337 3352 (quod
2374 3287 2427 3352 a)
2464 3285 2515 3338 si
2550 3283 2787 3338 dicimus
2826 3325 2837 3338 .
2872 3325 2885 3336 .
2918 3325 2929 3338 .
2968 3283 3115 3338 ratio
3152 3283 3227 3338 sit

661 3355 790 3410 uiae
819 3359 874 3410 A
931 3357 1180 3410 tenditur
1213 3353 1380 3410 multi
1417 3353 1614 3410 dicunt
1651 3355 1932 3424 inproprie
1970 3353 2183 3410 dictum
2222 3355 2371 3422 quod
2408 3353 2495 3410 ait
2528 3355 2687 3410 flecte
2716 3353 2869 3408 uiam
2898 3355 3041 3410 116118
3068 3353 3225 3408 aliud

661 3431 748 3482 est
785 3427 896 3482 iter
931 3427 1074 3482 uelis
1111 3427 1336 3482 tendere
1379 3425 1556 3496 (aliud
1585 3471 1596 3482 .
1621 3467 1670 3482 ..
1699 3425 1930 3482 tendere
1958 3431 2087 3494 post
2126 3427 2297 3482 deleta
2332 3427 2487 3492 sunt)
2526 3425 2687 3478 multi
2724 3425 2961 3480 nimium
2998 3427 3221 3494 proprie

555 3515 558 3520 ·
663 3501 888 3552 constat
931 3499 1122 3552 tamen
1171 3497 1474 3552 secundum
1519 3497 1664 3550 illud
1699 3497 1912 3550 dictum
1952 3515 2083 3550 nam
2124 3497 2205 3552 ait
2244 3513 2411 3566 supra
2444 3497 2609 3550 flecte
2646 3497 2797 3548 uiam
2832 3497 2995 3552 uelis.
3068 3497 3225 3548 aliud

663 3569 774 3622 iter
807 3569 950 3622 116118
985 3569 1216 3624 tendere
1259 3567 1414 3622 aliud
1447 3585 1550 3638 per
1585 3567 1714 3622 uela
1753 3569 1864 3622 iter
1901 3585 2011 3636 quo
2048 3569 2093 3620 si
2132 3567 2373 3622 dicimus
2402 3611 2413 3622 .
2444 3607 2459 3620 .
2492 3609 2505 3620 .
2540 3567 2685 3620 ratio
2726 3567 2801 3620 sit
2838 3567 2967 3620 uiae
3008 3567 3051 3620 S
3102 3569 3223 3620 ten-

663 3641 816 3694 ditur
851 3641 972 3710 (om.
995 3639 1072 3710 R)
1109 3639 1280 3694 multi
1313 3639 1514 3692 dicunt
1537 3639 1818 3710 inproprie
1849 3639 2159 3708 (inpropria
2186 3639 2277 3708 H)
2312 3639 2527 3692 dictum
2564 3639 2717 3704 quod.
2756 3639 2835 3694 ait
2872 3637 3035 3692 flecte
3070 3637 3225 3692 uiam

661 3711 868 3778 (tendit
901 3713 1012 3766 iter
1045 3727 1194 3780 supr.
1235 3713 1398 3764 flecte
1433 3711 1584 3764 uiam
1625 3713 1664 3776 ἰ)
1711 3707 1856 3764 uelis
1909 3709 2075 3764 multi
2112 3709 2349 3764 nimium
2396 3709 2621 3778 proprie
2666 3709 2949 3780 (propriae
2986 3707 3041 3762 R
3096 3725 3223 3778 pro·-

659 3781 788 3850 pria
821 3783 928 3848 H).
1001 3783 1220 3836 constat
1259 3781 1540 3850 (constant
1575 3783 1660 3850 Η)
1693 3781 1890 3836 tamen
1933 3781 2239 3836 secundum
2282 3781 2423 3836 illud
2472 3781 2683 3834 dictum
2726 3779 2961 3850 (dictum
3000 3797 3099 3834 om.
3138 3779 3221 3846 H)

661 3857 796 3906 nain
831 3855 916 3906 ait
949 3869 1120 3920 supra
1159 3855 1348 3920 (supra
1385 3853 1466 3906 ait
1501 3851 1574 3920 R)
1615 3851 1778 3906 flecte
1813 3851 1969 3906 uiam
2008 3851 2151 3906 uelis
2184 3853 2273 3920 (ut
2306 3849 2367 3904 in
2402 3851 2537 3920 ipsis
2574 3851 2717 3906 uelis
2754 3851 2881 3906 add.
2908 3851 3005 3918 L).
3062 3851 3221 3904 aliud

663 3925 748 3976 est
785 3923 896 3976 iter
931 3923 1068 3976 uelis
1107 3923 1332 3976 tendere
1377 3923 1534 3990 (uelis
1569 3923 1800 3976 tendere
1835 3923 1908 3988 L,
1943 3921 2085 3974 uelis
2124 3923 2233 3976 iter
2268 3923 2499 3976 tendere
2534 3923 2553 3976 l
2610 3923 2749 3976 item
2786 3919 2949 3974 1161118
2990 3923 3221 3974 tendere

661 3995 748 4064 Η)
807 3995 958 4048 aliud
997 4011 1096 4064 per
1135 3993 1266 4046 uela
1297 3993 1426 4050 iter.
1483 3995 1634 4062 quod
1669 3993 1718 4048 si
1757 3993 1991 4046 dicimus
2020 4037 2033 4048 .
2066 4035 2075 4046 .
2112 4035 2123 4046 .
2152 3993 2297 4048 ratio
2334 3995 2409 4048 sit
2444 3993 2571 4046 uiae
2600 3991 2793 4046 ΒΖΗ
2840 4011 2975 4046 nam
3012 3995 3075 4046 ut
3104 3993 3221 4062 (sic)

665 4083 832 4134 supra
867 4065 1030 4120 flecte
1065 4063 1218 4118 uiam
1247 4061 1406 4120 uelis.
1461 4067 1522 4118 et
1555 4063 1712 4118 aliud
1753 4067 1834 4120 est
1873 4065 1983 4118 iter
2018 4063 2159 4118 uelis
2194 4065 2425 4118 tendere
2464 4063 2621 4118 aliud
2654 4079 2759 4132 per
2788 4063 2921 4118 uela
2958 4063 3069 4118 iter
3104 4067 3223 4118 ten-

661 4139 808 4192 dere.
885 4139 940 4192 et
973 4137 1144 4190 multi
1187 4137 1384 4190 dicunt
1425 4135 1708 4206 inproprie
1759 4135 1973 4192 dictum
2022 4135 2191 4206 (quod
2230 4137 2309 4190 ait
2344 4137 2507 4190 flecte
2544 4133 2697 4190 uiam
2732 4135 2877 4190 uelis
2904 4137 3125 4206 prima,
3160 4141 3227 4190 ut

659 4211 894 4276 videtur,
927 4223 1126 4264 manus
1159 4225 1312 4278 supr.
1351 4225 1484 4262 vers
1523 4211 1650 4262 add.
1687 4209 1756 4262 in
1789 4209 1874 4280 F)
1927 4205 2099 4262 multi
2152 4205 2393 4262 nimium
2442 4209 2683 4276 proprie.
2762 4211 2985 4262 constat
3030 4207 3229 4262 tamen

661 4279 964 4334 secundum
1017 4279 1160 4334 illud
1203 4281 1416 4334 dictum
1465 4281 1616 4348 quod
1663 4281 1750 4334 ait
1789 4279 1955 4336 flecte
2002 4281 2155 4336 uiam
2178 4279 2353 4334 ..uelis
2394 4283 2477 4346 (ut
2512 4281 2569 4334 in
2610 4279 2747 4350 ipsis
2782 4279 2927 4334 uelis
2966 4281 3095 4334 add.
3134 4277 3227 4346 G).

661 4351 812 4420 quod
863 4351 912 4406 si
945 4351 1184 4406 dicimus
1221 4351 1364 4406 bene
1401 4349 1658 4420 procedis
1695 4353 1814 4422 (sie)
1859 4395 1870 4406 .
1903 4395 1914 4406 .
1945 4395 1961 4406 .
2000 4351 2145 4406 ratio
2182 4351 2259 4406 sit
2292 4351 2419 4406 uiae
2458 4351 2595 4406 Fa.
2668 4351 2897 4406 Servius
2930 4353 3047 4420 ipse
3090 4351 3227 4406 ‘ten-

663 4423 750 4478 dit
783 4423 890 4476 iter
923 4423 1074 4478 ‘velis'
1121 4423 1408 4490 inproprie
1441 4423 1648 4478 dictum
1681 4439 1790 4478 6886
1825 4429 2027 4490 censet,
2072 4431 2137 4478 ut
2172 4423 2351 4478 ‘velis’
2394 4423 2669 4478 ablativus
2704 4425 2803 4490 sit,
2854 4439 3073 4492 eamque
3110 4439 3227 4478 sen-

661 4495 892 4548 tentiam
923 4495 1096 4548 simili
1133 4495 1312 4562 quinti
1351 4493 1486 4548 libri
1519 4511 1678 4550 versu
1705 4495 1930 4562 prolato
1960 4495 2219 4562 defendit.
2278 4495 2409 4550 aliis
2432 4495 2537 4550 illa
2562 4495 2799 4550 nimium
2822 4493 3051 4562 proprie
3080 4493 3231 4548 dieta

661 4581 772 4620 6886
815 4565 994 4620 videri
1033 4571 1426 4632 commemorat,
1473 4571 1536 4618 ‘at
1575 4565 1750 4620 ‘velis’
1791 4565 2017 4620 dativus
2050 4567 2139 4622 sit.
2216 4565 2351 4620 ordo
2386 4567 2579 4620 scholii
2616 4567 2745 4620 olim
2780 4581 2845 4618 ea
2880 4581 2939 4618 re
2978 4565 3233 4620 turbatus

661 4641 740 4692 est
775 4637 920 4706 quod
955 4637 1180 4692 librarii
1217 4637 1456 4696 alicuius
1497 4637 1642 4692 oculi
1675 4655 1712 4690 a
1741 4637 1930 4706 priore
1974 4637 2201 4692 ‘dictum
2240 4639 2385 4706 qaod
2420 4637 2523 4692 ait'
2564 4637 2641 4692 ad
2676 4637 2909 4690 alterum
2948 4637 3231 4690 aberrave-

661 4713 810 4762 runt.
839 4709 860 4776 ΙΙ
889 4713 920 4762 8
945 4725 1232 4760 Assrrmmr
1261 4707 1314 4760 R
1363 4723 1618 4760 ASPIRANT
1645 4707 1776 4760 ,ΕΗ
1781 4709 1856 4760 Μ
1881 4709 1898 4778 ΙΙ
1935 4713 1969 4760 9
2008 4709 2261 4776 tempore
2288 4709 2401 4762 AS
2434 4711 2773 4776 (temporum
2800 4721 2839 4760 a
2882 4707 3153 4776 temporis
3178 4707 3233 4776 s)

661 4781 922 4848 tempora
955 4777 1028 4832 H
1045 4781 1064 4848 ΙΙ
1093 4779 1486 4834 immutatione
1525 4777 1568 4832 S
1593 4781 1612 4850 ΙΙ
1643 4777 1732 4834 vel
1767 4785 1898 4832 ante
1929 4777 2225 4848 minuitur]
2264 4779 2329 4832 ut
2356 4777 2411 4832 A
2448 4781 2613 4848 (corr.
2642 4777 2697 4844 a)
2752 4775 2821 4842 ἳῖξ
2858 4777 2903 4832 S
2926 4779 2945 4850 ΙΙ
2980 4783 3043 4832 10
3082 4777 3233 4832 circa

661 4853 888 4906 noctem
923 4853 984 4906 et
1019 4867 1118 4906 om.
1159 4849 1222 4904 F
1265 4853 1282 4922 ss
1327 4857 1396 4904 11
1431 4849 1606 4920 regit]
1657 4865 1850 4904 casum
1889 4849 2015 4904 add.
2056 4847 2121 4902 F
2158 4852 2175 4921 ΙΙ
2226 4855 2287 4904 12
2326 4849 2483 4918 nam]
2524 4849 2717 4902 autem
2754 4847 2795 4902 S
2834 4849 2993 4916 (corr.
3030 4853 3081 4920 8)
3116 4865 3233 4902 11011

661 4919 784 4974 ΡΘ
809 4923 826 4990 ΙΙ
859 4927 924 4976 15
963 4939 1188 4976 omem-s
1225 4921 1346 4976 AR
1359 4921 1434 4988 L,
1473 4937 1572 4976 om.
1615 4921 1680 4974 H
1699 4921 1720 4990 ΙΙ
1747 4939 2025 4974 nomm-vn
2060 4921 2117 4972 A
2154 4921 2313 4988 (corr.
2356 4923 2411 4988 a)
2438 4921 2459 4990 ΙΙ
2492 4925 2555 4970 16
2594 4921 2791 4972 anteae
2828 4921 2899 4974 H
2948 4925 3083 4976 ante
3120 4919 3179 4972 F
3212 4919 3233 4990 Η

667 4997 730 5046 17
773 4995 1220 5062 segregabantur
1255 4993 1316 5048 F
1357 4995 1378 5064 ΙΙ
1429 4993 1676 5048 excluxit
1711 4991 1782 5044 H
1831 4991 2079 5044 excludit
2120 4991 2191 5044 M
2232 4993 2249 5060 ΙΙ
2302 4989 2561 5060 Albanis]
2622 4987 2865 5048 Circaeis
2898 4993 3037 5048 coni.
3078 4991 3229 5044 ,Βαφ-

661 5079 904 5120 mannus
1699 5093 1704 5096 ·
3042 5083 3051 5090 ·
