3900 5784
583 1231 618 1314 ‘5

553 1799 624 1844 10

561 2335 630 2382 15

563 2871 636 2920 20

651 683 782 746 164
1281 671 1286 674 ·
1801 653 2041 718 suum

827 837 976 902 518.
1047 847 1396 898 PRESSERE
1453 847 1568 894 AD·
1605 845 1920 896 merom
1980 839 2205 890 NATos
2262 819 2509 886 Statius
2570 815 3013 906 pressitque
3070 811 3211 880 Pa-

649 945 1006 1004 laemona
1065 939 1336 1018 mater,
1409 935 1566 1000 item
1635 959 1666 1000 e
1735 935 1959 998 contra
2018 951 2153 994 nec
2230 933 2459 992 natos
2530 949 2761 992 ausae
2830 927 3211 1010 deponere

655 1047 958 1106 matres,

831 1145 982 1210 519.
1053 1165 1150 1210 AD
1187 1163 1426 1212 VOCEM
1477 1149 1772 1232 bucinae,
1815 1151 1892 1210 ut
1927 1145 2073 1228 <III
2106 1143 2275 1228 669>
2316 1145 2567 1210 sensit
2612 1147 2687 1208 et
2734 1145 2825 1210 ad
2870 1143 3211 1210 sonitum
3298 1129 3303 1136 ⁸

657 1251 870 1316 vocis
915 1253 1258 1338 vestigia
1299 1253 1570 1318 torsit:
1617 1275 1768 1316 nam
1813 1253 2193 1338 quicumque
2244 1273 2437 1316 sonus
2488 1251 2619 1316 dici
2660 1273 2783 1316 vox
2834 1255 3069 1338 potest.

833 1357 982 1422 522.
1051 1379 1398 1424 AVXILIVM
1435 1377 1720 1424 CAs'rRIs
1759 1377 2115 1424 EFFVNDPJJ
2150 1375 2439 1424 APER'HS
2488 1359 2549 1424 id
2602 1363 2699 1424 est
2744 1361 2885 1442 ipsa
2928 1361 2997 1424 in
3038 1361 3215 1426 auxi-

655 1463 810 1526 lium
865 1463 1242 1540 effunditur,
1331 1515 1338 1520 ·
2624 1477 2627 1480 ’

835 1571 984 1634 523.
1057 1589 1414 1638 DIREXERE
1463 1589 1660 1638 AOIES
1711 1573 2093 1639 ordinarunt
2138 1573 2205 1638 in
2250 1571 2679 1638 latitudinem.

837 1675 988 1742 524.
1057 1697 1434 1746 PRAEVSTIS
1495 1679 1710 1764 ‘prae'
1767 1679 1985 1746 brevis
2036 1679 2117 1746 fit
2166 1683 2435 1764 propter
2486 1683 2859 1766 sequentem
2900 1681 3221 1748 vocalem:

661 1781 830 1866 quod
877 1783 942 1848 in
991 1807 1120 1850 una
1165 1791 1352 1870 parte
1399 1787 1714 1852 orationis
1759 1787 2007 1852 factum
2046 1787 2387 1852 tolerabile
2432 1791 2561 1870 est,
2618 1787 2767 1870 quia
2816 1787 3217 1870 compositus

661 1895 764 1954 est
805 1913 1038 1958 sermo,

839 1997 990 2064 525.
1057 2017 1288 2066 FERRO
1333 2017 1648 2066 ANGIPITI
1699 2001 1770 2064 id
1821 2005 1922 2066 est
1976 2003 2297 2084 utrimque
2344 2003 2555 2066 noxie.
2638 2001 2795 2066 dicit
2846 2005 3057 2066 autem
3106 2007 3221 2068 aut

665 2105 944 2190 gladios,
991 2111 1106 2172 aut
1151 2107 1480 2192 bipennes,

847 2213 1000 2280 526.
1071 2231 1286 2280 SEGES
1321 2217 1502 2280 terra
1537 2213 1758 2298 modo,
1797 2217 1876 2278 ut
1913 2215 2099 2298 quid
2144 2215 2387 2282 faciat
2428 2214 2679 2280 laetas
2724 2219 3047 2300 segetes.
3112 2237 3227 2300 per

667 2319 944 2386 ‘atram'
995 2343 1146 2384 vero
1185 2321 1474 2384 fertilem
1515 2321 1866 2406 significat,
1909 2325 1987 2386 ut
2032 2323 2397 2386 ostenditur
2430 2321 2495 2384 in
2534 2321 2861 2406 georgicis
2894 2321 3003 2402 <11
3028 2323 3225 2404 203>

847 2429 996 2492 527.
1069 2443 1248 2492 SOLE
1293 2445 1674 2494 LACESSITA
1725 2429 2025 2492 naturale
2072 2429 2243 2492 enim
2288 2431 2391 2492 est
2434 2431 2509 2492 ut
2550 2426 2969 2492 metallorum
3014 2429 3225 2512 splen-

669 2537 790 2600 dor
831 2535 982 2618 plus
1027 2533 1282 2618 fulgeat
1323 2535 1450 2598 alia
1501 2537 1642 2600 luce
1683 2555 2047 2618 percussus

847 2641 998 2708 529.
1077 2659 1440 2708 PAVLATIM
1501 2659 1662 2708 SESE
1717 2659 1973 2708 TOLLIT
2026 2659 2217 2706 MARE
2276 2643 2369 2708 sic
2422 2641 2599 2706 bella
2656 2639 2813 2706 dicit
2876 2641 3229 2706 surrexisse

671 2749 1018 2834 paulatim,
1063 2747 1234 2812 sicut
1279 2749 1492 2814 ventis
1537 2749 1844 2814 flantibus
1895 2747 2137 2814 sensim
2180 2753 2361 2812 mare
2404 2749 2741 2832 turgescit.

843 2855 1004 2920 531.
1073 2873 1194 2918 HIC
1243 2873 1528 2920 IVVENIS
1583 2855 1918 2920 confundit
1962 2855 2255 2920 nomina:
2308 2877 2463 2918 nam
2516 2857 2585 2918 et
2628 2877 2895 2940 puerum
2942 2857 3009 2918 et
3054 2855 3231 2918 iuve-

673 2987 824 3028 nem
891 2983 1376 3044 nonnumquam
1441 2961 1788 3026 indiscrete
1855 2961 2453 3046 ponitsVergiliuQ
2518 2965 2591 3024 ut
2652 2961 2777 3026 hoc
2842 2963 3011 3044 loco;
3078 2983 3231 3026 nam

675 3071 1050 3150 Almonem,
1107 3089 1296 3152 quem
1359 3069 1552 3134 modo
1615 3069 1908 3134 iuvenem
1970 3067 2153 3150 dicit,
2212 3069 2405 3150 paulo
2464 3071 2617 3152 post
2660 3067 2759 3132 ait
2798 3067 3099 3152 puerum,
3158 3071 3237 3132 ut

677 3175 898 3260 (575)
947 3175 1336 3240 Almonem
1399 3197 1738 3260 puerum.
1825 3177 2045 3240 movet
2102 3175 2315 3238 autem
2366 3173 2843 3238 miserationem
2890 3173 2973 3236 ab
3020 3177 3235 3238 aetate

677 3305 820 3348 cum
871 3281 1026 3348 dicit
1069 3281 1408 3368 ‘iuvenis'‚
1455 3305 1498 3346 a
1541 3281 1780 3346 virtute
1825 3281 2095 3346 dicendo
2144 3279 2453 3362 ‘primam
2504 3281 2651 3344 ante
2698 3279 2967 3364 aciem'3
3014 3287 3237 3344 mouet

823 3465 850 3512 1
889 3457 1128 3528 Statius]
1163 3459 1332 3512 Theb.
1365 3459 1390 3512 I
1423 3463 1524 3512 122
1549 3459 1570 3528 ss
1607 3463 1640 3512 2
1667 3475 1772 3512 nec
1797 3457 1991 3528 natos]
2020 3455 2161 3512 Stat.
2192 3455 2369 3512 Theb.
2398 3457 2477 3510 XI
2504 3461 2569 3510 20
2600 3457 2621 3548 Ι]
2650 3461 2715 3510 14
2746 3455 2901 3528 quid]
2930 3471 3121 3526 georg.
3148 3455 3175 3508 Ι
3208 3463 3235 3510 1

827 3625 854 3672 1
899 3619 1078 3672 status
1123 3617 1180 3672 F
1201 3617 1222 3684 ll
1249 3617 1576 3686 gremioque
1607 3617 1944 3670 Palaemona
1982 3617 2185 3684 pressit
2214 3615 2429 3668 Statius
2456 3617 2477 3686 ΙΙ
2504 3623 2533 3670 2
2572 3631 2605 3668 6
2634 3631 2733 3668 om.
2758 3615 2869 3668 AS
2892 3616 2911 3686 ΙΙ
2936 3617 2999 3668 et
3022 3615 3241 3670 Statius

681 3691 700 3760 {1
737 3691 904 3744 nator
937 3689 1000 3740 F
1023 3689 1042 3758 ΙΙ
1067 3687 1264 3758 ausae]
1301 3705 1360 3742 se
1391 3689 1522 3742 LH
1553 3691 1708 3756 (corr.
1743 3689 1780 3756 l)
1807 3687 1826 3756 ss
1869 3695 1900 3740 4
1937 3687 2171 3740 bucinae
2210 3685 2423 3740 scilicet
2450 3685 2721 3740 ASRFl
2748 3689 2767 3758 11
2792 3685 2991 3756 sensit]
3030 3687 3105 3740 sit
3132 3685 3191 3740 F
3224 3689 3241 3758 [Ι

685 3761 742 3814 et
779 3777 878 3816 om.
909 3759 960 3812 L
989 3761 1012 3828 11
1055 3767 1084 3812 5
1125 3775 1258 3814 nam
1295 3803 1306 3816 .
1339 3801 1350 3812 .
1387 3803 1398 3816 .
1435 3761 1624 3828 potest
1657 3775 1758 3812 om.
1795 3759 1920 3812 ,ΕΗ
1958 3757 2111 3828 (add.
2150 3759 2187 3826 l)
2216 3759 2237 3826 ΙΙ
2264 3775 2375 3812 vox
2406 3757 2633 3828 proprie
2668 3761 2861 3828 potest
2894 3759 2951 3812 D
2982 3761 2999 3828 u
3026 3761 3241 3830 potest]

685 3849 856 3900 quare
887 3835 1008 3900 (om.
1039 3833 1176 3900 cod.)
1215 3847 1340 3884 cum
1375 3831 1450 3884 dii
1489 3829 1656 3884 inferi
1681 3829 2021 3884 inducantur
2046 3829 2277 3898 signum
2312 3829 2519 3884 bucina
2552 3829 2755 3884 datur?
2790 3829 3049 3884 soluitur:
3092 3833 3243 3900 quod

683 3903 890 3956 bucina
925 3917 994 3956 ex
1033 3919 1196 3970 capra
1235 3903 1324 3968 (ex
1363 3919 1538 3956 cornu
1567 3917 1772 3970 caprae
1801 3901 2137 3968 Maevicius)
2172 3901 2275 3956 fiat
2306 3903 2369 3954 et
2402 3899 2479 3954 sit
2516 3901 2595 3968 (et
2630 3901 2775 3970 quod
2812 3901 2889 3956 sit
2914 3899 3243 3970 Fabricius)

683 3971 1432 4112 iisst'ssississffsssfiiifflaffssiahss'?
1435 3973 1640 4114 1311ῖῖ
1669 3969 3243 4112 {313211231153stittztlfiffifffwtiziffspizffi‘tfflssffi

689 4115 1022 4184 Masvicius)
1059 4133 1180 4170 esse
1207 4115 1512 4170 affirmant.
1567 4131 1698 4184 ergo
1741 4115 1888 4168 recte
1925 4115 2001 4168 ab
2034 4115 2143 4170 hac
2168 4115 2277 4168 dea
2308 4115 2417 4168 hoc
2444 4115 2665 4184 signum
2696 4113 2843 4168 dixit-
2872 4113 2993 4168 dari
3026 4115 3155 4170 add.
3182 4115 3245 4168 D

685 4187 702 4256 Η
749 4193 782 4238 9
817 4185 1006 4240 breuis
1043 4186 1132 4239 est
1165 4187 1216 4238 L
1271 4189 1290 4258 ΙΙ
1323 4193 1412 4240 10
1447 4185 1770 4240 tollerabile
1805 4185 1930 4238 LF
1982 4187 2003 4252 ΙΙ
2054 4187 2165 4256 est]
2200 4187 2269 4240 fit
2302 4187 2361 4238 R
2398 4188 2417 4256 ΙΙ
2462 4187 2595 4256 quia
2632 4229 2645 4240 .
2674 4227 2687 4240 .
2726 4229 2741 4242 .
2774 4201 2955 4240 sermo
2996 4201 3095 4240 om.
3134 4187 3191 4238 F
3230 4187 3243 4256 11,

687 4261 754 4310 12
793 4255 850 4310 id
891 4259 976 4308 est
1015 4273 1112 4310 om.
1153 4257 1286 4310 LH
1321 4259 1342 4324 ΙΙ
1397 4259 1694 4326 utrumque
1735 4257 1794 4310 F
1833 4259 1854 4324 ΙΙ
1907 4255 2073 4310 noxia
2110 4257 2305 4310 ΑΒΜ
2340 4259 2501 4324 (co-rr.
2538 4259 2633 4328 as)
2684 4261 2705 4326 ΙΙ
2760 4257 2919 4328 dicit]
2962 4257 3245 4326 significat

685 4325 958 4382 ASRFz
985 4327 1008 4394 ΙΙ
1051 4333 1116 4380 13
1153 4325 1412 4394 bipinnes
1447 4329 1516 4380 H
1561 4329 1818 4398 bipentes
1859 4327 1920 4380 F
1949 4327 1969 4394 ΙΙ
2020 4331 2081 4380 15
2122 4327 2185 4382 ut
2222 4327 2279 4380 in
2316 4329 2597 4398 georgicis
2634 4327 2945 4382 ostenditur
2984 4327 3095 4382 AS
3102 4327 3245 4396 RF,

685 4397 846 4466 nigra
887 4397 1126 4466 (nigram
1155 4397 1194 4466 l)
1233 4397 1348 4452 fere
1387 4399 1446 4452 et
1483 4415 1674 4466 presso
1711 4397 1938 4466 pinguis
1980 4397 2081 4452 sub
2112 4415 2335 4454 uomere
2376 4403 2623 4468 (mouere
2642 4401 2693 4454 A
2736 4415 2957 4460 ueniere
2978 4401 3051 4468 R)
3092 4401 3245 4454 terra

685 4473 916 4538 (terram
949 4469 1108 4538 ΑΒΖ)
1147 4471 1274 4522 add.
1309 4469 1518 4522 ASRz
1543 4471 1560 4538 ΙΙ
1601 4475 1666 4522 17
1701 4469 1942 4538 fulgeat]
1986 4469 2173 4524 luceat
2208 4469 2267 4524 R
2290 4471 2309 4538 ΙΙ
2346 4487 2697 4538 repercussus
2738 4471 2795 4524 F
2818 4473 2837 4538 ΙΙ
2878 4475 2941 4524 18
2980 4489 3245 4524 Aureum-r

685 4541 740 4592 R
769 4543 790 4610 ΙΙ
829 4547 898 4592 19
935 4539 1078 4594 sicut
1117 4581 1130 4592 .
1163 4581 1174 4592 .
1203 4581 1214 4592 .
1257 4537 1534 4608 turgescit
1565 4553 1666 4592 om.
1709 4537 1836 4592 LH
1861 4541 1948 4614 (in
1988 4557 2159 4610 marg.
2198 4543 2325 4594 add.
2368 4541 2405 4608 l)
2432 4543 2451 4610 ΙΙ
2492 4541 2723 4610 sensim]
2762 4559 2861 4596 om.
2892 4541 2981 4606 M,
3016 4555 3243 4592 sensum

685 4609 748 4664 F
771 4613 792 4682 ΙΙ
823 4617 896 4664 20
931 4609 1222 4666 confundit
1257 4611 1488 4664 nomina
1525 4625 1654 4664 nam
1687 4625 1786 4664 om.
1819 4607 1882 4662 F
1903 4612 1920 4682 ΙΙ
1956 4611 2179 4664 nomine
2218 4611 2285 4664 H
2306 4612 2323 4681 ΙΙ
2364 4629 2495 4664 nam
2530 4655 2543 4668 .
2576 4655 2589 4668 .
2622 4653 2633 4666 .
2670 4617 2739 4664 ut
2770 4611 3065 4664 Almonem
3108 4627 3245 4682 pue-

643 4683 832 4754 111111]
891 4699 1020 4736 nam
1077 4681 1328 4738 dicturus
1387 4683 1472 4736 est
1519 4681 1586 4736 de
1635 4681 1740 4736 hoc
1785 4679 2009 4736 aimone
2044 4699 2279 4752 puerum
2314 4681 2445 4736 LH
2498 4683 2657 4752 (quae
2690 4685 2931 4736 eduntur
2970 4683 3031 4736 in
3066 4699 3241 4748 marg).

685 4755 910 4822 scripsit
945 4757 984 4820 l)
1031 4757 1048 4826 ΙΙ
1093 4759 1162 4808 21
1197 4753 1504 4810 indiscrete
1539 4763 1955 4822 nonnumquam
2000 4755 2071 4808 M
2110 4757 2131 4826 ἱΙ
2180 4759 2249 4808 22
2288 4755 2355 4808 ut
2390 4753 2681 4808 Almonem
2722 4769 2957 4822 puerum
2996 4769 3095 4808 om.
3132 4753 3185 4806 R,
3226 4755 3241 4824 Η

685 4831 758 4880 23
803 4827 992 4880 movet
1045 4829 1232 4880 autem
1273 4871 1284 4882 .
1321 4869 1336 4880 .
1381 4865 1394 4878 .
1433 4823 1792 4896 crudelitate]
1853 4843 1977 4880 cum
2024 4825 2163 4880 dicit
2204 4825 2423 4880 iuuenis
2470 4829 2659 4880 mouet
2706 4823 3125 4878 miserationem
3170 4825 3245 4878 ab

685 4897 892 4950 aetate.
963 4895 1198 4952 dicendo
1249 4897 1436 4952 autem
1489 4895 1728 4966 primam
1775 4899 1906 4952 ante
1952 4895 2133 4952 aciem
2176 4913 2211 4950 a
2258 4895 2485 4950 uirtute.
2558 4913 2681 4950 cum
2738 4893 2879 4950 dicit
2918 4895 3105 4950 haesit
3140 4895 3245 4948 sub

685 4971 914 5036 gutture
947 4969 1190 5032 nuulnus
1229 4985 1266 5024 a
1299 4967 1550 5022 uulneris
1587 4967 1920 5024 crudelitate
1945 4967 2005 5022 R
2032 4971 2049 5038 ΙΙ
2078 4973 2147 5020 24
2182 4967 2443 5036 diceudo]
2486 4967 2635 5034 quod
2668 4965 2809 5020 dicit
2836 4967 2969 5020 ,ΕΗ
3008 4967 3243 5020 dicendo

687 5039 836 5108 quod
873 5039 1014 5092 dicit
1051 5039 1126 5090 M
1163 5041 1180 5108 u
1227 5041 1356 5094 ante
1397 5039 1600 5110 aciem]
1641 5041 1772 5094 ante
1807 5043 2003 5096 mouet
2034 5039 2211 5092 aciem
2256 5039 2327 5090 M
2372 5039 2485 5108 (sed
2520 5035 2711 5126 moussli
2738 5045 2867 5108 post
2900 5039 3185 5104 seclusum)
3226 5037 3245 5108 Ι]

687 5113 880 5164 movet
915 5129 948 5164 a
987 5109 1264 5178 dignitate
1303 5151 1312 5162 .
1345 5149 1360 5162 .
1393 5153 1402 5164 .
1441 5111 1606 5166 Almo
1645 5113 1680 5180 l,
1717 5127 1816 5166 om.
1855 5111 2053 5180 reliqui
2668 5157 2673 5192 :
