3900 5784
1259 619 1482 682 COMM.
1521 619 1602 674 IN
1637 617 1856 674 VERG.
1891 623 2059 676 AEN.
2104 619 2229 672 VIII
2266 625 2563 672 292—299.
3034 613 3159 676 241

789 781 936 846 295.
1011 799 1298 846 ΝΕΜΕΑΕ
1341 799 1466 848 SVB
1505 803 1680 848 RVPE
1719 781 1967 850 Nemea
2012 781 2173 850 silva
2224 787 2319 846 est
2368 783 2581 848 vicina
2612 781 2877 864 Thebis,
2922 781 2991 844 in
3040 799 3169 862 qua

615 889 924 952 Hercules
985 887 1316 968 interemit
1373 891 1652 974 leonem,
1707 891 1816 974 qui
1861 893 2081 960 Lunae
2132 891 2303 970 filius
2350 893 2407 952 et
2450 889 2917 954 invulnerabilis
2974 889 3169 952 dictus

613 1001 712 1060 est.
781 993 1110 1058 ‘Nemeae'
1149 999 1366 1062 autem
1403 1003 1794 1082 anapaestus
1839 1007 1963 1066 est:
2002 1019 2151 1066 nam
2192 1001 2257 1060 et
2292 993 2419 1058 ‘ne’
2452 999 2515 1058 et
2542 995 2693 1060 ‘me'
2734 997 2963 1062 breves
3002 997 3165 1060 sunt.

789 1103 932 1166 296.
1013 1117 1246 1168 STYGII
1289 1123 1662 1168 TREMVERE
1713 1123 1932 1176 LAOVs
1990 1109 2059 1174 id
2104 1109 2189 1168 est
2234 1101 2497 1186 inferni,
2552 1125 2677 1186 quo
2726 1105 3019 1186 tempore
3070 1103 3167 1166 de·

615 1209 864 1276 scendit
909 1207 992 1272 ad
1035 1209 1410 1294 rapiendum
1461 1213 1830 1278 Cerberum.
2424 1225 2429 1228 “
3208 1223 3237 1270 5

789 1317 936 1380 297.
1015 1333 1182 1382 OSSA
1233 1337 1446 1384 SVI-’ER
1493 1337 1856 1384 RECVBANS
1913 1327 2025 1386 aut
2074 1317 2151 1380 ad
2202 1321 2511 1380 terrorem
2576 1315 2815 1378 dictum
2870 1321 2997 1380 est:
3058 1321 3169 1380 aut

615 1429 786 1488 certe
831 1423 992 1486 illud
1037 1429 1138 1486 est
1183 1427 1356 1508 qnod
1401 1425 1602 1488 etiam
1647 1447 1848 1508 supra
1883 1423 2227 1510 <V1395>
2274 1421 2585 1504 diximus,
2630 1419 2983 1486 Cerberum
3028 1445 3169 1486 esse

613 1533 880 1614 terram,
935 1551 1102 1612 quae
1149 1553 1420 1612 corpora
1479 1531 1736 1612 sepulta
1779 1531 2129 1612 consumit,
2190 1549 2343 1592 narn
2394 1527 2545 1590 inde
2596 1525 2911 1592 Cerberus
2962 1529 3167 1594 dictus

615 1641 714 1702 est
777 1639 964 1720 quasi
1023 1633 1400 1722 κρεοβόρος.
1497 1639 1608 1700 alii
1671 1639 2009 1720 pueriliter
2074 1635 2301 1702 volunt
2356 1657 2393 1696 a
2452 1633 2731 1698 Cerbero
2788 1633 3171 1718 Amphiarai

615 1765 762 1810 ossa
807 1745 1122 1824 consumi,
1189 1741 1296 1826 qui
1355 1743 1536 1806 hiatu
1583 1747 1794 1806 terrae
1847 1743 2197 1812 secundum
2244 1739 2527 1806 Statium
2574 1741 2903 1806 descendit
2950 1741 3029 1804 ad
3078 1743 3165 1804 in·
3214 1757 3277 1804 10

611 1851 800 1916 feros.
987 1865 1250 1914 SEMESA
1299 1847 1888 1918 ‘semensum''n0n
1941 1855 2239 1936 dicimUS,
2288 1851 2461 1914 sicut
2500 1873 2621 1912 nee
2668 1847 2971 1912 ‘ensum'z
3016 1871 3173 1912 nam

613 1955 858 2022 ‘esum'
901 1955 1062 2020 facit
1111 1957 1172 2020 et
1225 1955 1632 2020 ecornesurn'.

787 2063 936 2128 298.
1009 2079 1146 2128 NEC
1197 2049 1284 2126 ΤἘ
1333 2081 1560 2128 VLLAE
1611 2081 1856 2130 FACIES
1903 2065 2169 2150 efacies',
2218 2065 2281 2128 id
2332 2069 2433 2128 est
2480 2065 2749 2148 speeieS,
2800 2087 2977 2130 more
3024 2085 3169 2128 suo:

609 2173 702 2236 vel
745 2171 1162 2254 periculorum
1221 2173 1374 2236 vices
1427 2173 1680 2254 multae,
1735 2179 1806 2236 ut
1851 2176 1989 2258 <VI
2040 2173 2213 2256 104>
2258 2193 2449 2236 uova
2498 2175 2601 2236 mi
2648 2173 2885 2252 facies
2932 2177 2989 2236 et
3034 2169 3173 2254 <VI

613 2281 782 2362 560>
843 2299 1022 2360 quae
1077 2277 1428 2342 scelerum
1479 2279 1748 2360 faci-es:
1809 2285 2179 2348 subauditur
2234 2287 2441 2344 tamen
2494 2279 2839 2344 ‘terruere'.
3020 2293 3171 2366 IPSE
3214 2291 3277 2338 15

613 2403 976 2452 TYPHOEVS
1015 2389 1082 2448 et
1117 2385 1242 2448 hoc
1267 2385 1544 2470 poetice3
1587 2409 1736 2450 nam
1765 2387 1824 2450 si
1851 2389 2187 2454 interemit
2216 2385 2595 2470 Centauros,
2632 2383 3175 2470 quemadmodum

613 2495 806 2558 etiam
841 2491 1206 2574 ,Gigantum
1253 2491 1550 2554 interfuit
1603 2493 1878 2576 proelio,
1939 2495 2049 2578 qui
2106 2497 2253 2558 ante
2302 2495 2671 2556 innumeros
2722 2515 2925 2556 annos
2972 2491 3175 2554 fuisse

613 2599 906 2664 dicuntur
921 2597 954 2660 P
1017 2617 1152 2680 erqo
1205 2595 1362 2658 euou
1407 2597 1652 2660 terruit'
1699 2621 1812 2680 pro
1861 2599 2017 2666 ‘uou
2072 2597 2345 2664 terreret'
2390 2601 2485 2664 vel
2530 2597 2551 2626 '²
2566 2597 2923 2680 terruisset’,
2976 2603 3051 2660 ut
3090 2597 3177 2660 sit

613 2707 750 2770 ‘uec
795 2711 852 2768 te
897 2703 1218 2788 Typhoeus
1257 2703 1386 2804 ipsc
1433 2705 1728 2770 terreret'.

789 2811 940 2876 299.
1011 2829 1156 2876 Nou
1215 2827 1304 2876 TE
1361 2829 1692 2878 anmoins
1745 2831 2085 2880 EGENTEM
2146 2815 2367 2880 litotes
2436 2815 2675 2898 figura3
2736 2797 2889 2876 nam
2956 2813 3173 2874 minus
3210 2827 3277 2874 20

611 2921 770 2984 dixit
831 2922 894 2982 et
943 2917 1092 3002 plus
1135 2917 1608 3008 intellegimus:
1663 2923 1786 2986 hoc
1845 2925 2015 2986 enim
2068 2923 2245 2988 dicit:
2304 2919 2879 3004 prudentissimum
2930 2923 2991 3006 te
3040 2941 3175 2982 non

615 3025 1032 3090 circumvenit
1079 3023 1404 3090 Lernaeus
1455 3029 1714 3114 anguis,
1769 3027 1840 3092 id
1883 3033 1985 3092 est
2028 3027 2263 3112 hydra,
2326 3029 2519 3090 turba
2568 3029 2867 3112 capitum.
2962 3029 3029 3092 et
3076 3029 3175 3088 est

609 3133 762 3196 talis
809 3131 1048 3214 figura,
1107 3133 1318 3214 qualis
1365 3133 1536 3216 <VII
1583 3135 1752 3218 261>
1807 3151 2113 3200 munera
2170 3157 2305 3200 nec
2350 3157 2645 3218 sperno·
2736 3135 2887 3198 aliis
2934 3133 3171 3214 amphi—

609 3241 770 3304 bolia
829 3239 1080 3302 videtur.
1179 3237 1386 3326 (uam)
1443 3243 1500 3306 si
1553 3243 1936 3306 ordinaveris
1990 3239 2007 3268 ³
2020 3265 2145 3308 uou
2204 3247 2257 3306 te
2302 3243 2617 3306 Lernaeus
2674 3241 2853 3306 turba
2900 3241 3173 3322 capitum

609 3347 1002 3410 circumstetit
1057 3347 1280 3426 auyuis
1293 3345 1332 3424 ⁹,
1393 3355 1670 3412 remanet
1727 3349 2023 3412 ‘rationis
2080 3347 2389 3432 eyeutem'‚
2450 3345 2533 3434 (si
2590 3347 2605 3376 ⁸
2618 3369 2745 3412 uon
2804 3355 2855 3412 te
2908 3347 3175 3412 rationis
3208 3361 3277 3408 25

609 3449 932 3538 eyeutem')
979 3453 1382 3538 ordinaveris,
1431 3459 1704 3518 remanet
1743 3443 2089 3520 ‘Lernaeus
2132 3461 2173 3518 t.
2210 3477 2255 3520 c.
2296 3475 2341 3518 c.
2380 3453 2461 3518 a.'
2506 3461 2569 3518 et
2608 3461 2725 3520 est:
2782 3475 2907 3518 riou
2954 3455 3175 3534 equisti

609 3561 852 3622 ratione
881 3577 1020 3622 eum
1061 3565 1112 3622 te
1137 3559 1458 3624 Lernaeus
1491 3563 1716 3644 auyuis
1749 3563 2149 3624 circumstetit
2184 3563 2455 3642 capitum
2490 3561 2689 3624 turba.
2740 3565 2991 3640 praeter
3028 3559 3175 3622 haec

609 3685 762 3748 quae
809 3667 1138 3730 Herculem
1197 3667 1306 3730 hoc
1359 3665 1482 3730 loco
1525 3671 1714 3746 poeta
1761 3667 1975 3746 fecisse
2028 3667 2413 3748 memoravit,
2466 3667 2599 3730 alia
2650 3667 2827 3746 facta
2878 3665 3175 3730 Herculis

609 3775 756 3838 hacc
793 3779 954 3838 suut.
1017 3777 1344 3854 superatus
1383 3793 1536 3852 aper
1571 3771 2033 3854 Erymanthius
2042 3783 2081 3850 ,·'
2102 3779 2243 3854 post
2284 3793 2491 3848 ccrva‚·
2538 3775 2683 3836 item
2718 3771 3175 3854 Stymphalides

945 3901 1040 3908 ..um-.—

753 3971 786 4018 2
827 3965 924 4034 qui
961 3965 1148 4018 Lunae
1191 4007 1200 4018 .
1235 4005 1246 4016 .
1279 4003 1290 4016 .
1333 3963 1512 4018 dictus
1553 3965 1664 4034 est]
1705 3961 1774 4018 cf.
1815 3963 1971 4018 Luct.
2008 3961 2161 4020 Plac.
2200 3965 2271 4018 ad
2312 3965 2455 4018 Stat.
2494 3963 2673 4018 Theb.
2710 3965 2763 4018 II
2800 3969 2863 4018 58
2894 3967 2915 4036 u
2944 3969 3009 4018 10
3050 3963 3173 4018 Sta-

609 4035 776 4108 tium]
819 4035 992 4090 Theb.
1031 4033 1134 4090 VII
1175 4039 1276 4090 809
1319 4053 1440 4102 sqq.

967 4147 1036 4154 ..—-—

753 4221 786 4268 2
825 4213 976 4268 luine
1005 4213 1058 4266 G
1083 4217 1102 4284 ΙΙ
1129 4219 1162 4264 3
1201 4231 1266 4268 ne
1301 4217 1356 4270 et
1383 4215 1496 4286 me]
1539 4231 1698 4270 neme
1727 4215 1790 4270 F
1813 4217 1830 4286 11
1857 4213 2055 4270 breves
2082 4217 2233 4288 sunt]
2276 4231 2341 4268 ae
2368 4217 2563 4270 autem
2594 4215 2771 4286 longa
2800 4215 3169 4286 diphthongo.

611 4285 900 4352 Interemit
939 4289 994 4342 et
1029 4287 1266 4340 alterum
1307 4287 1526 4342 leonem
1567 4289 1714 4356 apud
1751 4285 1975 4342 cleonae
2014 4289 2273 4358 graeciae
2312 4285 2503 4342 urbem
2546 4285 2699 4342 cuius
2736 4287 2945 4356 pellem
2980 4293 3171 4358 genta-

611 4361 714 4412 bat
747 4359 808 4412 in
853 4359 1106 4414 tutamen
1155 4361 1216 4410 et
1255 4357 1482 4414 laudem
1521 4361 1668 4412 unde
1707 4355 1938 4412 lucanus
1978 4359 2077 4426 (IV
2116 4363 2241 4428 612)
2286 4357 2407 4412 ‘ille
2444 4359 2697 4414 cleonaei
2730 4357 2973 4428 proiecit
3010 4363 3171 4428 terga

611 4429 810 4484 leonis’
851 4431 980 4484 add.
1011 4429 1072 4482 D
1097 4429 1116 4498 ΙΙ
1143 4435 1178 4480 4
1215 4429 1502 4484 descendit
1541 4429 1612 4486 ad
1653 4427 1975 4498 rapiendam
2006 4429 2395 4500 proserpinam
2428 4431 2499 4484 M
2524 4433 2601 4502 118
2642 4449 2773 4486 nam
2812 4435 2869 4484 et
2906 4431 3037 4484 inde
3064 4431 3115 4482 L
3154 4431 3173 4502 Η

613 4507 642 4552 9
687 4499 786 4554 alii
823 4517 922 4554 om.
949 4501 1058 4554 AS
1081 4503 1100 4570 ΙΙ
1127 4517 1164 4552 a
1201 4517 1300 4556 om.
1321 4501 1572 4572 ASn·10
1609 4499 1876 4566 Statium]
1919 4499 2137 4556 fabulas
2170 4503 2227 4554 F
2250 4503 2269 4570 ΙΙ
2300 4503 2455 4556 vivus
2494 4501 2787 4554 descendit
2824 4501 3125 4554 Fabricius
3156 4529 3169 4570 i3

617 4577 680 4624 11
723 4589 950 4624 suunssA
985 4573 1048 4624 F
1081 4573 1098 4642 ΙΙ
1143 4587 1398 4624 mensum
1437 4573 1546 4626 AS
1587 4573 1604 4640 ΙΙ
1655 4577 1718 4624 13
1755 4567 1932 4624 facies
1968 4585 2069 4626 om.
2106 4573 2163 4624 L
2204 4575 2221 4644 ΙΙ
2268 4579 2335 4624 22
2376 4571 2755 4626 circumvenit.
2830 4573 2907 4624 Et
2942 4573 3031 4624 est
3066 4613 3077 4624 .
3110 4613 3123 4624 .
3158 4615 3169 4624 .

615 4659 834 4708 sperno.
905 4659 1176 4696 LERNAEVS
1211 4659 1260 4700 A.
1305 4687 1316 4700 .
1347 4687 1358 4698 .
1391 4687 1404 4696 .
1445 4661 1616 4698 ‹rvnssr
1659 4659 1888 4696 cAPrrvM
1933 4637 2059 4696 aliis
2094 4643 2445 4714 amphibolia
2478 4643 2815 4710 exemplaria
2850 4643 3119 4710 impressa
3160 4645 3171 4712 g}

613 4717 682 4764 23
729 4711 856 4766 aliis
903 4713 1252 4784 amphibolia
1293 4757 1304 4768 .
1343 4757 1354 4768 .
1401 4761 1414 4772 .
1461 4717 1710 4784 capitum
1759 4711 1946 4778 turba]
1994 4717 2075 4770 sic
2118 4717 2297 4770 locum
2338 4715 2611 4768 constitui.
2688 4711 2815 4766 aliis
2866 4713 3175 4782 amfybolia

611 4783 836 4838 uidetur
871 4783 920 4838 si
959 4785 1304 4840 ordinaueris
1343 4787 1710 4854 (ordinaveris
1747 4801 1846 4838 om.
1887 4781 2115 4856 Daniel)
2166 4803 2279 4842 non
2320 4789 2377 4838 te
2418 4787 2675 4838 lernaeus
2710 4785 2875 4838 turba
2916 4789 3175 4854 egentem

615 4855 864 4922 capitum
893 4859 1094 4926 anguis
1121 4861 1374 4912 remanet
1401 4857 1634 4912 rationis
1665 4855 1926 4926 egentem
1954 4855 2301 4912 ordinaueris
2326 4859 2579 4910 remanet
2612 4855 2863 4910 lernaeus
2898 4861 2937 4912 t,
2968 4873 3013 4912 c.
3048 4875 3089 4910 c.
3124 4875 3171 4912 a.

615 4925 714 4978 sed
761 4925 834 4992 (si
867 4927 1098 5000 Daniel)
1147 4931 1234 4984 est
1283 4947 1392 4984 non
1441 4929 1648 4998 eguisti
1697 4927 1916 4980 ratione
1968 4941 2091 4982 eum
2140 4931 2197 4984 te
2244 4931 2499 4982 lernaeus
2554 4927 2753 4996 anguis
2806 4927 3179 4984 circumstetit

613 4995 864 5066 capitum
891 5001 1062 5054 turba
1089 4999 1152 5052 F
1173 5003 1192 5071 ΙΙ
1219 5007 1288 5056 27
1317 5003 1542 5070 praeter
1569 5003 1708 5054 haec
1737 5041 1748 5052 .
1775 5039 1820 5054 ..
1851 5009 1961 5062 quo
1998 4999 2153 5056 facto
2182 4999 2327 5054 inter
2354 4997 2485 5052 deos
2516 4997 2725 5052 relatus
2758 5003 2843 5056 est
2870 5001 2993 5054 hab.
3022 4999 3135 5052 ΤΒ
3164 5033 3177 5066 :2

617 5073 688 5122 29
725 5069 1016 5138 superatos
1055 5071 1160 5122 hec
1197 5077 1328 5126 sunt
1363 5077 1660 5140 superatos
1695 5085 1830 5136 aper
1865 5065 1930 5116 F
1960 5067 1977 5134 ΙΙ
2022 5071 2209 5144 cerva]
2248 5069 2505 5124 cerberus
2544 5071 2603 5122 D
2640 5071 2659 5142 ΙΙ
2700 5071 3033 5140 stynfalides
3060 5071 3181 5122 FT

723 5167 870 5210 Servii
901 5179 1058 5212 comm.
1087 5167 1192 5208 Vol.
1219 5167 1286 5208 11.
1313 5169 1446 5210 Pasc.
1471 5167 1508 5208 1.
1739 5221 1744 5224 Ι
2682 5165 2745 5212 16
