3900 5784
715 613 798 678 70
1865 613 2105 670 SERVII

891 775 1038 838 451.
1111 791 1432 840 ERRABAT
1483 777 1870 860 vagabatur,
1923 781 1997 840 ut
2044 775 2251 838 mille
2300 795 2497 840 meae
2538 773 2821 840 Siculis
2866 781 3127 840 errant
3178 777 3259 840 in

711 881 1076 946 montibus
1131 903 1380 964 aynae.
1475 883 1754 948 et'bene
1809 881 2071 964 adlusit,
2134 881 2283 964 quia
2340 885 2405 946 et
2464 885 2789 948 amaverat
2836 885 2899 948 et
2948 903 3015 946 se
3062 881 3257 946 inter-

711 991 978 1066 emerat,
1029 989 1098 1050 ut
1147 989 1324 1070 quasi
1377 991 1688 1056 incertum
1743 989 1934 1070 esset,
1992 1009 2173 1070 quem
2226 987 2533 1050 circulum
2578 993 2799 1070 posset
2848 993 3079 1054 tenere.

891 1095 1036 1158 453.
1113 1113 1476 1162 OBSOVRAM
1525 1095 1764 1160 recenti
1807 1095 2041 1176 morte,
2092 1097 2163 1158 ut
2210 1095 2485 1158 diximus
2530 1117 2731 1178 supra
2776 1097 3009 1182 <340>.

643 1215 672 1262 5
891 1199 1040 1266 456,
1113 1221 1404 1270 INFELIX
1449 1221 1626 1270 DIDO
1683 1199 1918 1266 veniali
1966 1201 2197 1266 utitur:
2260 1205 2323 1266 et
2380 1205 2643 1266 excusat
2698 1227 2765 1268 se
2818 1227 2935 1290 per
2984 1205 3259 1268 necessi-

675 1311 940 1404 ΕΙ1131001,
1005 1331 1084 1374 ne
1153 1311 1382 1378 mortis
1445 1333 1644 1376 causa
1703 1309 1902 1372 fuisse
1966 1309 2275 1374 videatur.
2452 1327 2685 1392 VERVS
2740 1329 2897 1376 MIHI
2954 1329 3257 1376 NVNTIVS

711 1411 876 1478 κατὰ
915 1411 990 1480 τὸ
1031 1413 1464 1502 σιωπώμενον
1507 1417 2011 1500 intellegendum
2058 1415 2229 1500 quod
2268 1417 2353 1482 sit
2392 1415 2723 1482 nuntiatus
2754 1417 3023 1482 Didonis
3062 1419 3257 1484 inter-

713 1523 862 1586 itus,
947 1525 1058 1588 alii
1105 1525 1184 1590 ad
1231 1527 1446 1612 ignem
1497 1523 1786 1588 referunt
1833 1523 2041 1588 visum
2090 1521 2195 1608 <V
2246 1523 2355 1606 3>:
2404 1521 2521 1588 alii
2566 1523 2647 1586 ad
2692 1521 3107 1608 Mercurium,
3152 1527 3261 1608 qui

715 1629 810 1692 ait
855 1629 992 1714 <IV
1041 1629 1212 1716 564>
1263 1635 1472 1698 certa
1531 1629 1738 1696 mori.
1829 1629 1938 1692 sed
1996 1631 2059 1694 in
2118 1635 2343 1696 neutro
2404 1631 2459 1694 ei
2518 1629 2709 1694 etiam
2772 1633 3001 1696 mortis
3056 1653 3261 1716 genus

619 1749 678 1798 10
715 1742 816 1802 est
863 1737 1330 1824 significatum,
1379 1743 1442 1802 et
1489 1737 1592 1800 hic
1645 1737 1798 1800 dicit
1845 1737 2165 1822 ‘ferroque
2212 1743 2503 1804 extrema
2546 1737 2875 1804 secutan13.
2950 1761 3103 1802 sane
3150 1739 3261 1824 qui

713 1845 974 1910 nuntiat
1041 1867 1274 1930 genere
1335 1849 1590 1910 tantum
1653 1845 1886 1908 dicitur
1937 1845 2321 1932 masculino,
2392 1845 2561 1932 quod
2630 1849 2843 1910 autem
2908 1847 3267 1924 nuntiatur,

713 1953 866 2016 licet
911 1955 1140 2016 neutro
1189 1953 1464 2034 dicatur,
1519 1955 1736 2016 tamen
1785 1953 2107 2018 invenit-ur
2156 1953 2347 2018 etiam
2398 1953 2769 2018 masculino.

893 2057 1044 2124 458.
1115 2077 1414 2126 FVNERIS
1459 2077 1602 2124 HEV
1653 2079 1794 2126 ’11111
1841 2077 2061 2124 CAVSA
2112 2079 2229 2124 FVI
2288 2085 2359 2124 30
2418 2061 2473 2124 si
2530 2061 2793 2142 diceret,
2856 2061 2965 2142 qui
3014 2061 3263 2124 fueram

715 2169 864 2228 ante
913 2165 1284 2250 voluptatis.

609 2283 678 2330 15
893 2271 1040 2338 459.
1115 2291 1178 2338 s1
1217 2291 1356 2350 QVA
1399 2289 1596 2336 rmus
1641 2289 1959 2336 TELLVRE
2004 2289 2131 2336 svss
2168 2289 2293 2336 IMA
2326 2291 2455 2340 EST
2512 2273 2619 2336 ubi
2662 2273 2985 2356 promissa
3024 2275 3265 2340 exitum

711 2383 858 2444 non‘
903 2379 1164 2444 habent.
1257 2379 1542 2464 respexit
1597 2381 1812 2442 autem
1873 2378 1950 2442 ad
2010 2377 2365 2462 Orpheum,
2434 2379 2575 2464 qui'
2608 2383 2929 2464 receptam
2990 2381 3271 2464 perdidit

717 2487 1076 2572 coniugem.
2836 2567 2851 2574 ·

897 2595 1044 2660 461,
1119 2613 1306 2672 QVAE
1361 2609 1550 2658 NVNC
1603 2607 1738 2658 ΗΑΒ
1797 2609 1916 2656 IRE
1962 2609 2095 2656 PER
2144 2609 2419 2658 VMBRAs
2496 2595 2987 2676 argumentatur
3050 2617 3127 2658 ex
3190 2619 3267 2660 eo

717 2703 888 2788 quod
929 2707 1028 2766 est
1057 2701 1296 2766 inferos
1329 2699 1542 2766 subire
1573 2699 1961 2784 compulsus„
1998 2699 2275 2762 invitum
2310 2721 2379 2762 se
2418 2699 2755 2782 reliquisse
2786 2697 3263 2786 Carthaginem.

609 2821 678 2868 20
895 2811 1044 2874 462.
1119 2827 1338 2874 SENTA
1397 2827 1554 2874 SITV
1613 2807 1922 2892 squalida.
2008 2809 2071 2870 et
2126 2811 2223 2870 est
2280 2805 2625 2872 translatio
2680 2829 2741 2888 a⁹
2774 2811 2947 2872 terra
3004 2809 3269 2894 inculta,

715 2919 788 2982 in
831 2937 954 2998 qua
997 2921 1192 2982 sentes
1233 2919 1588 2982 nascuntur.
1685 2913 1846 2976 situs
1909 2917 2121 2976 autem
2184 2915 2443 2996 proprie
2500 2915 2599 2976 est
2656 2915 2897 3000 lanugo
2950 2917 3269 3000 quaedam

717 3047 792 3090 ex
839 3045 1064 3088 umore
1109 3027 1450 3108 procreata
1497 3025 1564 3086 et
1605 3021 1684 3084 fit
1725 3021 1794 3084 in
1837 3021 1999 3084 locis
2050 3021 2183 3084 sole
2230 3021 2615 3084 carentibus.

895 3131 1080 3194 463?
1113 3147 1250 3194 NEC
1305 3147 1628 3194 OREDERE
1679 3147 1872 3204 QVIVI
1923 3127 2553 3210 argumentationem
2600 3129 2903 3212 tetendit,
2948 3153 3025 3194 ae
3070 3131 3127 3194 si
3172 3131 3263 3194 di-

717 3241 918 3304 ceret:
967 3239 1022 3302 si
1071 3237 1510 3324 credidissem,
1557 3237 1720 3300 forte
1771 3235 1963 3300 etiam
2014 3237 2279 3300 deorum
2324 3235 2501 3300 iussa
2548 3237 3041 3300 contemnerem.

611 3357 678 3402 25
897 3345 1044 3410 465.
1119 3363 1308 3410 slsTE
1353 3363 1652 3410 GRADVM
1697 3341 2019 3408 discedere
2068 3363 2207 3408 eam
2260 3343 2445 3406 datur
2488 3341 2797 3426 intellegi.

897 3453 1046 3516 466.
1117 3469 1516 3516 EXTREMVM
1563 3467 1746 3514 FATo
1797 3467 1987 3528 qvon
2038 3467 2125 3514 TE
2176 3467 2557 3528 ADLonoR
2602 3465 2745 3514 1100
2788 3467 2913 3516 EST
2960 3455 3073 3516 aut
3118 3453 3275 3536 quia

719 3561 876 3624 deus
931 3561 1188 3624 futurus
1245 3563 1372 3624 est:
1437 3561 1574 3642 aut,
1633 3555 1806 3640 quod
1849 3555 2079 3620 melius
2130 3559 2255 3638 est,
2314 3557 2461 3638 quia
2508 3559 2659 3638 post
2704 3561 2973 3622 mortem
3026 3559 3275 3622 tenebit

721 3667 990 3728 alterum
1047 3665 1378 3750 circulum,
1425 3663 1580 3728 viris
1627 3663 1908 3726 fortibus
1958 3663 2227 3744 scilicet,
2278 3685 2409 3726 non
2452 3663 2823 3726 amantibus
2872 3663 3109 3728 datum.

897 3773 1048 3834 467.
1119 3789 1354 3836 TORVA
1401 3793 1518 3854 pro
1565 3767 1828 3848 ε1101·110’,
1873 3769 1942 3832 id
1988 3771 2089 3832 est
2132 3769 2527 3834 terribiliter.

615 3889 684 3938 3ο
897 3879 1048 3942 468.
1119 3897 1424 3942 LENJBAT
1473 3899 1590 3962 pro
1639 3873 1985 3942 ueniebat&
2072 3879 2139 3940 et
2182 3875 2443 3958 antique
2490 3873 2683 3958 dixit,
2740 3879 2815 3940 ut
2858 3875 3063 3960 <VIII
3096 3879 3273 3960 436>

721 3987 1062 4072 squamis
1125 4009 1464 4070 auroque
1529 3983 1894 4068 polibant
1954 4005 2075 4066 pro
2132 3979 2551 4068 ‘poliebant'.
2644 3981 2919 4048 maiores
2974 3983 3147 4048 enim
3202 3985 3273 4078 in

863 4169 890 4216 1
931 4161 1108 4230 mille]
1147 4163 1266 4216 buc.
1313 4159 1360 4212 Π
1397 4167 1464 4216 21
1511 4161 1532 4228 ΙΙ
1589 4165 1654 4214 10
1683 4175 1824 4214 sane
1861 4159 1963 4228 qui
1998 4199 2011 4212 .
2046 4201 2099 4214 ..
2142 4157 2469 4228 masculino]
2512 4157 2747 4212 efiisid.
2794 4175 2867 4212 or.
2910 4159 2957 4212 X
3000 4165 3097 4214 189

719 4319 1170 4388 metempsicosin
1209 4319 1326 4374 FO
1371 4317 1784 4374 metemsicosin
1823 4319 1890 4368 M
1945 4317 1967 4385 ss
2020 4325 2053 4368 2
2092 4317 2223 4384 quia
2258 4319 2551 4370 amanei-at
2586 4317 2649 4368 F
2704 4317 2803 4382 qui
2838 4321 3127 4372 amauerat
3166 4319 3215 4372 G
3250 4319 3273 4392 Η

721 4397 750 4446 5
793 4391 994 4444 11001311
1041 4389 1222 4442 utitur
1267 4391 1422 4444 statu
1461 4391 1534 4442 M
1585 4391 1604 4457 ΙΙ
1659 4395 1690 4442 9
1727 4389 1780 4440 01
1827 4387 1999 4440 etiam
2038 4387 2157 4440 AR
2172 4389 2245 4442 M
2254 4409 2267 4440 e
2308 4385 2359 4440 ei
2398 4387 2545 4440 ciam
2580 4389 2639 4450 S„
2680 4385 2795 4440 diei
2830 4389 2999 4442 etiam
3040 4389 3105 4442 H
3156 4391 3273 4446 eius

723 4461 890 4516 etiam
923 4461 982 4514 F
1033 4461 1200 4516 etiam
1233 4459 1282 4512 G
1325 4461 1444 4514 eius
1481 4461 1536 4512 ei
1571 4461 1742 4512 etiam
1779 4461 1940 4524 vulqo
1966 4461 1987 4528 ΙΙ
2014 4477 2191 4528 genus
2224 4457 2423 4526 mortis
2454 4459 2523 4510 M
2550 4457 2569 4524 u
2596 4475 2771 4524 genus
2810 4475 2909 4512 om.
2942 4461 2997 4512 H
3028 4465 3047 4530 ΙΙ
3076 4467 3141 4516 10
3180 4463 3273 4516 hic

723 4533 876 4586 libri:
915 4533 1046 4584 hinc
1083 4533 1242 4602 vulgo
1269 4533 1290 4602 ΙΙ
1319 4533 1506 4584 secuta.
1547 4531 1652 4582 AS
1679 4533 1700 4598 ΙΙ
1743 4535 1808 4584 12
1845 4529 2089 4600 dicatur]
2128 4531 2275 4598 apud
2316 4527 2595 4584 Catullum
2636 4535 2739 4596 (63,
2776 4533 2861 4598 75)
2902 4533 3027 4586 add.
3066 4533 3273 4588 Fabri-

721 4605 840 4656 cius
873 4605 890 4674 ss
931 4605 1126 4676 etiam]
1167 4607 1226 4656 et
1263 4601 1380 4656 1⁴⁷0
1415 4605 1436 4672 {j
1485 4605 1550 4656 14
1587 4605 1718 4654 ante
1755 4617 1926 4654 causa
1960 4599 2271 4668 uoluptatis
2310 4599 2609 4654 Fabricius
2654 4601 2675 4669 ΙΙ
2722 4609 2787 4656 16
2824 4603 2943 4672 qui]
2982 4621 3127 4670 quae
3166 4603 3225 4656 1⁴³
3256 4602 3277 4676 ΙΙ

691 4735 696 4742 ,
725 4681 788 4728 19
831 4677 1128 4744 conpulsus
1167 4673 1350 4728 ΑΕΘ
1367 4677 1388 4744 11
1417 4681 1484 4728 20
1521 4671 1814 4740 squalidae
1855 4671 1902 4726 Ο
1923 4675 1944 4742 ΙΙ
1970 4673 2185 4728 inculta
2220 4671 2381 4738 situs]
2422 4671 2619 4724 insitus
2662 4673 2815 4728 culta
2848 4673 2895 4726 Ο
2918 4677 2937 4742 ΙΙ
2972 4679 3041 4728 22
3078 4693 3273 4728 umore

723 4779 804 4834 Ρ,
841 4781 1074 4836 humore
1111 4783 1312 4852 reliqui
1353 4783 1370 4850 ιι
1417 4781 1482 4834 fit.
1517 4781 1704 4832 autem
1741 4777 1802 4830 in
1839 4779 1979 4832 loeis
2020 4777 2333 4834 carentibus
2368 4779 2483 4832 soie
2526 4779 2599 4830 M
2640 4781 2659 4849 {l
2714 4785 2781 4834 23
2818 4747 3063 4832 tetendit
3096 4779 3151 4832 A
3192 4783 3271 4848 (te

723 4853 922 4918 eadem,
961 4857 1020 4906 ut
1059 4853 1296 4922 videtur,
1335 4869 1530 4908 vitame-s
1571 4849 1806 4918 addidit)
1843 4852 1860 4919 ΙΙ
1905 4857 1975 4904 24
2010 4851 2129 4904 fore
2172 4849 2219 4906 0
2246 4851 2267 4920 ΙΙ
2306 4853 2749 4920 contempnerem
2790 4851 2849 4902 F
2878 4849 2899 4918 ΙΙ
2946 4853 3011 4902 25
3054 4849 3269 4904 discere

723 4923 834 4978 AS
867 4923 1170 4990 (discedere
1211 4929 1300 4990 as)
1355 4923 1622 4978 decedere
1663 4923 1712 4976 0
1759 4923 1948 4978 desine
1986 4923 2101 4976 FG
2128 4923 2149 4992 11
2188 4939 2251 4974 ea
2290 4921 2357 4974 H
2374 4921 2395 4990 ΙΙ
2434 4929 2501 4992 ,27
2544 4923 2625 4976 est
2662 4921 2859 4976 melius
2904 4921 2975 4974 M
2998 4923 3019 4988 ΙΙ
3048 4923 3129 4976 est
3166 4941 3265 4976 om.

723 4995 792 5048 H
825 4995 844 5064 ΙΙ
885 4995 1010 5064 post
1049 4997 1310 5066 mortem]
1351 4997 1572 5064 postem
1611 4993 1670 5046 F
1711 4995 1728 5064 ΙΙ
1773 4999 1842 5046 30
1877 4995 1967 5066 ut]
2006 4997 2065 5048 et
2100 4993 2209 5046 AS
2242 4993 2329 5060 (ut
2362 5007 2513 5062 supr,
2554 5009 2687 5048 vers.
2726 4995 2849 5048 add.
2890 4995 2949 5062 a)
2994 4993 3013 5064 ΙΙ
3060 4999 3123 5046 31
3166 5011 3265 5064 pro

721 5065 1012 5136 poliebant
1047 5081 1146 5120 om.
1191 5065 1510 5124 ASMFO
2714 5033 2719 5120 1

2680 5145 2719 5314 s
