3900 5784
705 611 746 674 6
1863 611 1944 664 si:
1954 613 2107 666 avii

703 777 1082 862 ignorantes
1149 777 1446 858 inplicati
1511 778 1662 840 sunt
1725 779 1818 840 et·
1857 797 2003 840 cum
2056 777 2311 858 ingenti
2366 777 2763 858 turpitudine
2814 777 3081 842 resoluti
3138 777 3259 840 sub

705 883 1084 948 testimonio
1161 887 1538 946 cunctorum
1611 879 1896 944 deorum.
1990 879 2163 962 quod
2234 879 2477 948 factum
2550 879 2785 948 Venus·
2846 883 3263 948 vehementer

705 991 934 1056 dolens
999 989 1272 1072 stirpem
1335 1007 1588 1052 omnem
1657 983 1824 1050 Solis
1899 987 2201 1070 persequi
2276 987 2557 1050 infandis
2636 991 2963 1054 amoribus
3030 975 3259 1074 coepit.

703 1095 910 1180 igitur
951 1093 1298 1178 Pasiphae,
1355 1093 1526 1160 Solis
1569 1093 1734 1176 filia,
1791 1091 2029 1158 Minois
2074 1093 2251 1178 regis
2296 1091 2527 1158 Cretae
2570 1115 2761 1178 uxor,
2818 1095 2995 1160 tauri
3040 1115 3259 1158 amore

637 1211 670 1258 5
705 1191 1008 1284 flagravit
1037 1209 1040 1212 ’
1067 1203 1134 1264 et
1195 1207 1334 1266 arte
1393 1201 1668 1268 Daedali
1729 1201 1981 1266 inclusa
2042 1201 2217 1266 intra
2274 1221 2537 1266 vaccam
2596 1199 2905 1284 ligneam,
2946 1205 3259 1286 ,saeptam

705 1305 882 1372 corio
929 1307 1236 1374 iuvencae
1283 1307 1780 1394 pulcherrimae,
1833 1329 1981 1374 cum
2036 1313 2225 1374 tauro
2282 1305 2655 1386 concubuit,
2710 1307 2879 1370 unde
2920 1311 3115 1372 natus
3160 1311 3263 1374 est

707 1413 1146 1500 Minotaurus,
1191 1417 1304 1500 qui
1341 1417 1522 1498 intra
1557 1415 2011 1500 labyrinthum
2044 1415 2327 1482 inclusus
2366 1413 2667 1480 humanis
2708 1413 3009 1480 carnibus
3046 1437 3261 1480 vesce-

711 1521 920 1584 batur.
1011 1521 1122 1588 sed
1177 1523 1392 1590 Minos
1447 1525 1528 1588 de
1577 1521 1906 1606 Pasiphae
1958 1521 2191 1588 habuit
2248 1521 2485 1586 liberos
2538 1523 2785 1608 plures,
2834 1521 3259 1606 'Androgeum

591 1671 598 1676 -
709 1625 1042 1718 Ariadnen
1085 1629 1464 1696 Phaedram.
1557 1629 1670 1692 sed
1719 1629 2103 1714 Androgeus
2158 1651 2301 1692 cum
2350 1635 2521 1694 esset
2566 1629 2813 1696 athleta
2860 1627 3259 1692 fortissimus

603 1741 672 1788 10
709 1737 778 1798 et
819 1741 1160 1818 superaret
1211 1737 1280 1802 in
1335 1737 1660 1822 agonibus
1713 1739 1979 1800 cunctos
2038 1735 2209 1818 apud
2258 1735 2551 1800 Athenas
2560 1787 2581 1820 ,
2640 1735 3149 1800 Atheniensibus
3196 1737 3265 1798 et

707 1839 940 1906 vicinis
971 1843 1466 1928 Megarensibus
1517 1843 1866 1908 coniuratis
1915 1845 2161 1908 occisus
2210 1845 2325 1906 est.
2402 1841 2569 1926 quod
2608 1841 2815 1906 Minos
2868 1841 3087 1906 dolens
3136 1841 3263 1906 col-

707 1947 894 2012 lectis
939 1951 1214 2016 navibus
1265 1939 1436 2014 bella
1483 1949 1834 2016 commovit
1883 1941 1946 2012 et
1994 1949 2181 2014 victis
2220 1947 2725 2014 Atheniensibus
2772 1971 3049 2034 poenam
3096 1949 3263 2012 hanc

711 2055 970 2140 statuit,
1031 2061 1102 2120 ut
1161 2055 1428 2142 singulis
1479 2055 1836 2142 quibusque
1895 2055 2083 2118 annis
2146 2057 2391 2138 septem
2446 2055 2525 2118 de
2574 2055 2729 2118 filiis
2776 2059 2843 2118 et
2890 2057 3141 2138 septem
3184 2055 3265 2136 de

707 2161 966 2226 filiabus
1027 2163 1158 2226 suis
1215 2163 1494 2226 edendos
1539 2159 1910 2226 Minotauro
1968 2161 2317 2224 mitterent.
2410 2161 2527 2224 alii
2582 2163 2797 2228 dicunt
2840 2183 2883 2226 a
2922 2159 3141 2226 Minoe
3194 2163 3267 2226 in

607 2275 690 2324 15-
711 2267 984 2332 vindicta
1017 2269 1142 2350 filii
1177 2271 1384 2354 occisi,
1419 2271 1576 2334 sicut
1611 2267 1842 2332 dictum
1881 2271 1991 2350 est,
2030 2265 2237 2332 Iovem
2272 2271 2567 2350 royatum.
2626 2271 2733 2352 Qui
2770 2289 2905 2334 cimi
2932 2267 3269 2334 Athenien-

709 2375 880 2440 sibus
939 2377 1358 2458 pestilentiam
1423 2375 1710 2454 misisset,
1773 2379 2171 2458 praeceptum
2208 2373 2479 2440 oraculo
2540 2381 2629 2440 est
2686 2377 2761 2442 de
2818 2379 3041 2468 septem
3112 2377 3267 2460 filiis

711 2483 942 2548 animis
987 2483 1074 2548 ad
1105 2481 1464 2548 Minotauri
1497 2487 1758 2564 pastam
1799 2483 2155 2562 diriyendis.
2230 2481 2341 2544 sed
2386 2481 2577 2546 tertio
2630 2505 2793 2546 anno
2842 2481 3047 2566 Aegei
3094 2481 3265 2546 filius

711 2589 996 2654 Theseus
1045 2589 1284 2652 missus
1319 2593 1456 2674 est,
1517 2591 1750 2672 potens
1797 2591 1934 2652 tam
1980 2589 2223 2652 virtute
2274 2607 2465 2670 quam
2514 2587 2743 2676 forma.
2832 2589 2941 2674 qui
2992 2611 3137 2652 cum
3182 2591 3265 2654 ab

711 2697 1000 2760 Ariadne
1055 2697 1224 2782 regis
1283 2697 1418 2760 filia
1473 2699 1726 2760 amatus
1785 2695 2041 2780 fuisset,
2104 2693 2379 2760 Daedali
2434 2697 2707 2760 consilio
2768 2695 3103 2780 labyrinthi
3154 2695 3265 2760 filo

605 2811 678 2860 20
711 2805 836 2868 iter
897 2803 1062 2866 rexit
1117 2807 1182 2866 et
1233 2805 1464 2866 necato
1523 2799 1892 2866 Minotauro
1947 2823 2095 2866 cum
2152 2805 2339 2886 rapta
2394 2799 2673 2866 Ariadne
2728 2801 2939 2868 victor
2996 2803 3267 2886 aufugit.

713 2931 878 2994 quae
927 2931 1090 2974 cum*
1119 2909 1336 2976 omnia
1377 2909 1662 2974 factione
1699 2907 1971 2974 Daedali
2008 2907 2221 2972 Minos
2260 2907 2785 2994 deprehendisset
2822 2907 3071 2990 effecta,
3122 2931 3265 2974 eurn

713 3039 858 3082 cum
921 3015 1104 3080 Icaro
1171 3017 1302 3080 filio
1371 3015 1758 3082 servandum
1819 3015 1890 3078 in
1949 3015 2397 3098 labyrinthum
2460 3015 2673 3080 trusit.
2768 3015 2879 3078 sed
2938 3015 3265 3080 Daedalus

715 3123 1038 3206 corruptis
1083 3123 1458 3187 custodibus
1505 3123 1624 3204 vel,
1677 3127 1746 3186 iit
1797 3123 2051 3204 quidam
2098 3123 2381 3202 tradunt,
2432 3123 2511 3186 ab
2554 3123 2773 3186 amicis
2824 3123 2941 3186 sub
2988 3121 3267 3186 faciendi

717 3231 1002 3294 muneris
1043 3229 1282 3312 specie,
1325 3251 1452 3312 quo
1493 3229 1842 3294 simulabat
1893 3213 2081 3312 posse
2130 3249 2347 3312 regern
2396 3229 2669 3312 placari,
2716 3249 2929 3294 ceram
2976 3233 3033 3294 et
3066 3229 3269 3292 linum

615 3345 682 3394 25
721 3337 968 3422 accepit
1017 3339 1078 3400 et
1113 3357 1358 3420 pennas
1369 3387 1388 3420 ,
1433 3340 1500 3401 et
1537 3333 1686 3398 inde
1725 3339 1860 3398 tam
1901 3335 2029 3400 sibi
2062 3357 2261 3420 quam
2294 3335 2429 3400 filio
2470 3335 2587 3400 alis
2630 3335 2927 3418 inpositis
2968 3335 3271 3400 evolavit.

697 3619 700 3622 ,
861 3573 890 3618 1
929 3521 1194 3634 impliciti
1231 3565 1284 3620 G
1317 3565 1336 3634 ΙΙ
1375 3571 1408 3618 2
1443 3555 1772 3618 testimonia
1805 3563 1916 3618 AS
1949 3563 2109 3628 (corr.
2152 3565 2215 3618 in
2250 3567 2475 3632 utroque
2512 3579 2657 3618 man.
2692 3565 2819 3632 rec.)
2862 3567 2881 3632 ΙΙ
2926 3569 2959 3618 5
2998 3563 3273 3634 flagrabat

683 3635 916 3692 -ΑΒΜ
953 3637 1216 3706 mythoyr.
1259 3639 1302 3690 Ι
1349 3637 1370 3708 11
1425 3637 1642 3748 {eptem
1685 3633 1950 3690 AGRH
2000 3635 2215 3702 septam
2266 3633 2489 3690 GSMa
2542 3635 2559 3702 ΙΙ
2618 3641 2649 3688 7
2696 3633 3037 3690 laberintum
3072 3633 3277 3690 ΑΘΗ
3340 3665 3345 3670 -

717 3759 1098 3816 laberinthum
1127 3761 1272 3816 ΒΜ
1321 3761 1418 3816 lab
1455 3755 1668 3816 rintuni
1697 3759 1746 3812 O
1767 3761 1788 3828 ΙΙ
1813 3765 1844 3812 9
1875 3757 2165 3814 ariannem
2190 3759 2247 3812 A
2302 3757 2587 3814 ariadnem
2614 3739 2793 3814 RMa
2848 3759 3133 3814 ariennem
3160 3759 3233 3812 H
3250 3759 3269 3830 11

717 3831 930 3902 pedran
969 3833 1022 3888 G
1073 3831 1346 3902 phedram
1439 3831 1484 3888 S
1539 3831 1752 3886 fedram
1789 3831 1993 3884 ΑΒΜ
2036 3829 2283 3892 fredram
2316 3831 2389 3884 H
2408 3831 2425 3900 ΙΙ
2464 3837 2531 3884 10
2558 3831 2633 3886 ab
2658 3829 3091 3886 Atheniensibus
3120 3831 3195 3884 M
3224 3837 3273 3886 et

717 3905 980 3974 mythoyr.
1023 3903 1066 3956 I
1093 3909 1146 3958 et
1171 3903 1262 3962 ,II
1299 3905 1320 3972 ΙΙ
1379 3909 1440 3958 11
1481 3901 1664 3956 minos
1701 3903 1790 3970 est
1825 3903 2023 3958 dolens
2044 3903 2113 3984 ‘A
2160 3903 2179 3972 ΙΙ
2238 3909 2299 3956 12
2344 3903 2543 3956 uinctis
2580 3903 2635 3956 G
2674 3903 2823 3984 {1⁰13-
2858 3905 2915 3956 et
2950 3905 3165 3972 septem
3202 3903 3273 3956 de

717 3975 944 4028 filiabus
981 3991 1080 4054 om:
1123 3973 1172 4030 0
1199 3977 1218 4044 ΙΙ
1269 3981 1334 4030 14
1371 3991 1566 4030 moene
1605 3975 1678 4040 G,
1713 3991 1850 4030 corr.
1877 3975 2099 4060 ‘Daniel
2146 3975 2163 4042 [Ι
2208 3979 2277 4028 15
2312 3975 2545 4038 fortasse
2574 3991 2639 4026 111
2672 3973 2983 4054 vindictam
3016 3975 3035 4040 ΙΙ
3078 3973 3273 4056 Iovem

719 4047 1038 4170 {titt-‘⁸228
1061 4047 1374 4194 ἶῗξὲἒεῗῑε
1403 4045 1948 4186 Ῑέῒφῗεῗῗῗφὲηἰᾚῑ·
1966 4045 2173 4196 1521?
2170 4045 2377 4170 {355⁰}
2388 4045 2509 4170 sl}
2532 4049 2707 4184 ἒὲἁρῗζ
2746 4045 2905 4196 teri?
2914 4047 3275 4196 ᾠῗῇῗῗᾷῗθῇ

725 4193 810 4260 19.
829 4187 1056 4240 arianne
1091 4187 1284 4242 ΑΘΗ
1319 4191 1476 4254 (corr.
1509 4189 1564 4256 a)
1619 4187 1812 4242 riadne
1843 4187 1896 4242 G
1939 4185 2209 4266 ariadnae
2244 4185 2299 4238 R
2324 4187 2343 4254 ΙΙ
2372 4203 2437 4266 ,⁰3
2474 4185 2711 4240 Daedali
2752 4185 2983 4264 consssio
3020 4185 3271 4254 Danieli!

717 4257 1014 4310 labii-iuthi
1053 4257 1104 4310 G
1149 4259 1170 4326 ΙΙ
1209 4257 1326 4312 filio
1367 4259 1422 4312 G
1471 4257 1588 4310 filia
1625 4257 1694 4310 H
1731 4261 1752 4326 ΙΙ
1803 4265 1874 4312 20
1919 4257 2033 4312 iter
2064 4257 2211 4310 rexit
2274 4257 2303 4322 Ξ
2340 4275 2437 4308 rex
2472 4257 2545 4308 H
2578 4257 2599 4324 ΙΙ
2654 4257 2851 4308 necato
2924 4257 3121 4308 lunato
3156 4257 3225 4308 H
3268 4257 3273 4314 Ι

1065 4329 1098 4368 d

643 4425 646 4428 .
717 4383 882 4434 tauro
921 4379 972 4434 G
999 4383 1020 4450 ΙΙ
1047 4381 1276 4452 ariagne
1315 4381 1362 4434 O
1413 4383 1640 4438 arianne
1677 4379 1812 4434 ΑΗ
1839 4383 1999 4450 (corr.
2038 4381 2091 4448 a)
2122 4381 2143 4450 ΙΙ
2182 4385 2249 4434 21
2290 4379 2511 4434 actione
2548 4377 2601 4432 G
2628 4379 2647 4448 ΙΙ
2680 4377 3013 4448 repperisset
3050 4375 3099 4432 0
3146 4395 3275 4448 rep-

719 4449 932 4520 perisse
969 4455 1024 4506 (x'
1057 4455 1076 4522 ΙΙ
1117 4461 1186 4508 22
1223 4471 1352 4508 cum
1389 4471 1490 4512 om.
1531 4453 1596 4508 H
1617 4455 1638 4524 ss
1661 4453 1848 4506 iacaro
1893 4451 1942 4506 G-
1998 4455 2145 4508 itaro
2182 4453 2251 4506 H
2270 4453 2291 4522 ss
2312 4451 2431 4506 filio
2466 4467 2567 4506 om.
2608 4449 2717 4504 AS
2740 4453 2761 4518 ΙΙ
2784 4447 3113 4504 labiriutum
3150 4449 3281 4506 GH

829 4533 856 4562 Ο
1067 4551 1074 4558 .

719 4575 1062 4642 labyrintum
1101 4581 1152 4632 O
1197 4577 1542 4648 labyrintum
1577 4579 1636 4632 A
1687 4577 2065 4634 laberinthum
2100 4579 2249 4632 ΕΜ
2286 4579 2305 4646 ΙΙ
2360 4583 2429 4632 24
2464 4574 2771 4630 simulabat
2810 4593 2871 4628 se
2914 4591 3107 4644 regem
3152 4575 3273 4644 pla-

721 4661 846 4698 care
879 4651 1050 4716 ‘posse
1085 4651 1198 4704 GC
1227 4653 1248 4720 ΙΙ
1291 4657 1356 4704 25
1397 4649 1604 4720 accipit
1645 4651 1694 4704 G
1749 4650 1969 4720 accepit
2008 4667 2071 4704 ex
2110 4649 2317 4720 accipit
2356 4647 2405 4704 G
2422 4651 2441 4718 ΙΙ
2480 4651 2539 4704 et
2572 4663 2673 4700 om.
2710 4645 2817 4700 AS
2828 4647 2899 4698 H
2926 4647 3101 4716 (sup-r.
3138 4663 3271 4702 vers.

651 4723 658 4728 '
719 4719 900 4784 suppl.
939 4721 1024 4784 as)
1069 4720 1086 4788 ΙΙ
1141 4721 1340 4790 pinnas
1383 4721 1512 4778 GH
1565 4737 1780 4788 pennas
1813 4737 1882 4776 ex
1917 4721 2119 4790 pinnas
2160 4721 2205 4776 Ο
2246 4725 2265 4792 ΙΙ
2318 4725 2379 4776 et
2412 4721 2541 4774 inde
2576 4717 2677 4770 Ra
2714 4723 2767 4770 et
2794 4719 3061 4796 mythoyr.
3102 4719 3147 4770 I
3154 4739 3165 4770 =
3214 4723 3275 4772 et

719 4787 868 4868 unde
897 4787 952 4840 A
1003 4787 1214 4874 munde
1253 4795 1322 4848 H
1369 4795 1518 4848 unde
1545 4791 1796 4848 GGSM
1843 4793 2045 4848 exinde
2068 4795 2331 4864 mythoyr.
2362 4791 2441 4844 II
2458 4791 2479 4860 ΙΙ
2506 4791 2587 4844 las
2626 4789 2899 4856 inposltas
2926 4789 2983 4842 A
3022 4789 3181 4858 (corr.
3212 4791 3271 4858 a)

723 4869 840 4962 alas
889 4877 1182 4980 impositas
1219 4917 1266 4970 S
1317 4921 1464 4992 alisss
1509 4917 1784 4988 inpositus
1819 4917 1890 4970 H
1933 4919 1953 4986 ΙΙ
2012 4917 2285 4986 evolavit]
2332 4917 2393 4972 et
2424 4911 2647 4970 uolauiss
2680 4913 2733 4966 G
2768 4905 2899 4968 Ῑῑαθὸ
2932 4913 3141 4968 addens
3174 4931 3275 4984 Pel·

723 4999 998 5062 summam
1051 4989 1288 5042 carceris
1331 4991 1500 5058 (aeris
1537 4991 1746 5046 Daniel
1783 4989 1934 5044 aedis
1976 4989 2353 5058 Commetinus)
2374 4989 2619 5072 ’pai-ten}
2666 5001 2807 5070 (11139
2856 4985 3007 5068 apud
3050 4985 3271 5070 wieres

723 5069 838 5106 sine
879 5055 1032 5110 tecto
1067 5059 1188 5112 erat
1223 5077 1348 5114 cum
1389 5063 1504 5118 filio
1543 5063 1658 5130 (filo
1691 5061 1920 5130 Daniel)
1956 5061 2143 5118 uoluit
2176 5059 2659 5142 (uolaultDamel
2686 5057 2923 5128 primus)
2962 5073 3079 5128 lpse
3118 5061 3275 5116 ”lxta
