3900 5784
1339 635 1564 692 COMM.
1605 635 1680 688 IN
1723 633 1936 688 VERG.
1976 633 2141 686 AEN.
2188 631 2285 688 VlI
2326 637 2623 688 543—565.
3120 623 3243 686 167

871 799 1018 864 556.
1093 815 1452 864 EGREGIVM
1489 815 1784 866 VENEms
1825 813 2055 862 GENVS
2104 797 2465 882 εἰρωνικῶς
2510 797 2751 860 dictum
2802 791 2927 870 est,
2972 789 3045 850 ut
3092 785 3245 852 alibi

691 905 828 990 <lv
863 907 992 988 93>
1039 907 1432 992 egregiam
1481 929 1654 972 vero
1705 905 2003 968 laudem
2054 907 2127 968 et
2176 905 2431 986 spolia
2480 904 2731 988 ampla
2774 895 3109 966 refertis.

687 1031 844 1076 IPSE
881 1029 1182 1076 LATINVS
1233 1035 1306 1076 ac
1357 1013 1408 1076 si
1459 1013 1724 1096 diceret,
1769 1033 1965 1096 quem
2000 1009 2259 1074 Aeneae
2310 1033 2501 1076 causa
2552 1031 2743 1094 cogor
2788 1007 3027 1076 odisse:
3076 1005 3241 1070 unde

687 1123 754 1184 et
805 1121 1084 1182 Amatae
1137 1119 1320 1184 nulla
1373 1121 1450 1184 fit
1503 1121 1772 1202 mentio,
1837 1139 1997 1202 quae
2056 1121 2153 1182 est
2212 1115 2507 1184 Troianis
2566 1117 2845 1180 inimica.
2938 1113 3239 1178 Vrbauus

685 1229 902 1290 tamen
951 1229 1158 1288 totum
1207 1225 1378 1290 hune
1423 1227 1636 1290 locum
1689 1247 1804 1310 per
1851 1225 2435 1310 interrogationem
2488 1223 2729 1306 accipit
2774 1223 3127 1286 ‘terrorum
3180 1225 3239 1286 et
3280 1235 3313 1282 5

683 1333 926 1398 fraudis
969 1331 1222 1398 abunde
1259 1323 1408 1398 est?
1453 1337 1630 1396 stant
1669 1331 1828 1396 belli
1863 1331 2179 1396 causae'?
2224 1335 2299 1394 ut
2342 1331 2527 1416 quasi
2574 1353 2691 1412 per
2734 1331 3239 1412 gratulationem

681 1463 812 1502 11011
861 1439 1108 1524 credat,
1165 1441 1336 1504 sicut
1375 1439 1536 1502 illud
1585 1439 1868 1502 Terentii
1917 1439 2099 1520 quia
2150 1439 2325 1522 plus
2378 1439 2631 1520 cupiO,
2690 1439 2939 1500 minus
2994 1439 3235 1502 credo.

859 1545 1006 1612 557.
1085 1565 1298 1612 SVPER
1345 1561 1734 1610 AETHERIAS
1785 1545 1938 1628 quia
1982 1545 2231 1610 dixerat
2280 1545 2497 1630 <543>
2552 1543 2739 1610 ‘caeli
2792 1565 3077 1610 convexa
3118 1567 3237 1630 per

679 1655 922 1718 auras’.

855 1761 1000 1826 561.
1079 1777 1436 1824 ATTOLLIT
1481 1775 1658 1826 ALAS
1705 1759 1981 1824 honesta
2028 1761 2313 1826 volantis
2356 1759 2783 1844 periphrasis
3024 1743 3051 1766 ⁰
3276 1775 3339 1824 10

853 1867 998 1932 563.
1075 1883 1354 1932 ITALIAE
1379 1883 1602 1932 MEDIO
1639 1865 1816 1930 hunc
1857 1867 2077 1932 locum
2110 1867 2489 1932 umbilicum
2530 1867 2759 1932 Italiae
2798 1865 3233 1952 chorographi

659 1975 908 2038 dicunt,
999 1975 1102 2036 est
1167 1975 1382 2038 autem
1449 1973 1516 2036 in
1583 1973 1786 2036 latere
1843 1971 2235 2056 Campaniae
2306 1977 2365 2038 et
2426 1973 2729 2056 Apuliae,
2800 1973 2909 2036 ubi
2968 1973 3231 2056 Hirpini

673 2081 854 2164 sunt,
893 2083 962 2144 et
997 2079 1202 2144 habet
1237 2101 1440 2164 aquas
1479 2079 1890 2162 sulphureae,
1931 2077 2075 2144 ideo
2110 2081 2471 2162 gravioreS,
2516 2081 2669 2166 quia
2706 2081 2989 2144 ambitur
3032 2081 3227 2146 silvis,

669 2187 812 2252 ideo
851 2191 1072 2250 autem
1105 2185 1200 2252 ibi
1237 2185 1452 2252 aditus
1491 2207 1628 2252 esse
1673 2185 1906 2250 dicitur
1941 2185 2323 2272 inferorum,
2370 2189 2541 2270 quod
2584 2187 2807 2270 gravis
2842 2189 3003 2252 odor
3050 2189 3227 2252 iuxta

635 2295 1042 2360 'accedentes
1093 2297 1312 2380 necat,
1369 2295 1528 2360 adeo
1583 2297 1658 2360 ut
1713 2293 2015 2358 victimae
2066 2295 2231 2360 circa
2282 2297 2451 2358 hunc
2494 2297 2705 2360 locum
2754 2317 2889 2360 11011
2932 2297 3221 2360 immola·
3268 2309 3329 2358 15

667 2405 916 2486 rentur,
965 2405 1076 2468 sed
1121 2403 1318 2468 odore
1363 2401 1652 2486 perirent
1699 2401 1776 2464 ad
1825 2423 2061 2486 aquam
2110 2401 2489 2486 adplicatae.
2566 2405 2631 2466 et
2676 2403 2799 2468 hoc
2834 2405 3221 2486 erat-genus

665 2509 1000 2574 litationis,
1093 2509 1424 2574 sciendum
1483 2531 1636 2574 sane
1683 2507 2045 2572 Varronem
2100 2531 2473 2572 enumerare
2526 2513 2683 2594 quot
2724 2503 2873 2574 loca
2918 2511 2983 2574 in
3032 2509 3221 2574 Italia

667 2615 798 2678 sint
841 2615 1034 2680 huius
1079 2615 1282 2680 modi:
1329 2615 1494 2680 unde
1545 2617 1738 2680 etiam
1771 2615 2067 2680 Donatus
2104 2616 2263 2680 dicit
2292 2615 2613 2680 Lucaniae
2654 2639 2791 2680 esse
2828 2617 2939 2700 qui
2988 2617 3217 2680 descri-

669 2725 844 2788 bitur
877 2723 1080 2804 100110,
1117 2723 1290 2788 circa
1327 2723 1592 2786 fluvium
1633 2723 1742 2806 qui
1777 2721 1969 2788 Calor
2006 2729 2303 2788 vocatur:
2350 2723 2523 2808 quod
2558 2723 2699 2786 ideo
2740 2745 2875 2786 non
2912 2723 3217 2808 procedit,

663 2831 814 2916 quia
857 2831 954 2894 ait
1001 2831 1260 2895 ‘Italiae
1309 2829 1570 2896 medio'.
1735 2849 1862 2896 SVB
1901 2847 2253 2896 MONTIBVS
2292 2847 2489 2894 ALTIS
2538 2831 2663 2896 hoc
2704 2831 2831 2894 nisi
2884 2831 2961 2894 ad
3008 2833 3215 2900 totam
3258 2843 3323 2890 20

657 2939 916 3002 Italiam
967 2939 1234 3018 referaS,
1295 2961 1426 3002 non
1477 2937 1798 3022 procedit:
1849 2941 1924 3002 ut
1978 2939 2091 3022 sit,
2156 2943 2255 3004 est
2308 2939 2375 3002 in
2434 2939 2711 3002 vallibus
2762 2937 2993 3002 Italiae
3038 2959 3213 3002 mou-

657 3049 912 3110 tuosae:
955 3067 1106 3110 nam
1157 3047 1222 3110 in
1271 3047 1396 3110 hoc
1441 3047 1582 3112 1000
1633 3049 1888 3110 montes
1935 3045 2195 3128 penitus
2242 3067 2375 3110 non
2420 3047 2585 3110 sunt.

833 3149 980 3216 564.
1055 3167 1336 3218 NOBILIS
1383 3155 1606 3232 noim,
1657 3151 1826 3236 quod
1875 3155 1940 3218 et
1988 3141 2321 3236 sequentia
2368 3153 2671 3218 indicant.

831 3257 978 3324 565.
1053 3275 1416 3324 AMSANCTI
1449 3275 1714 3324 VALLES
1753 3259 1882 3324 loci
1919 3259 2259 3344 amsancti,
2294 3257 2363 3322 id
2404 3263 2507 3324 est
2540 3259 2713 3324 omni
2752 3261 2933 3344 parte
2974 3257 3209 3322 sancti:

655 3389 844 3452 quem
893 3365 1048 3428 dicit
1093 3369 1160 3430 et
1203 3365 1386 3430 silvis
1433 3365 1712 3432 cinctum
1765 3369 1826 3430 et
1873 3367 2141 3452 fragoso
2184 3365 2385 3434 fluvio
2428 3369 2735 3432 torrente.
2814 3441 2819 3446 ψ
2870 3403 2875 3408 -
3246 3375 3311 3424 25

651 3495 748 3502 ᾖ

795 3567 824 3614 7
861 3559 1134 3632 Terentii]
1177 3561 1402 3630 adelph.
1437 3557 1518 3614 IV
1553 3565 1604 3630 5,
1645 3565 1710 3614 64

791 3745 816 3792 1
867 3737 1150 3794 hironicos
1185 3739 1328 3794 AM
1369 3739 1648 3808 (yronicos
1693 3741 1756 3810 a)
1811 3739 2037 3806 yronice
2084 3739 2189 3794 hoc
2240 3739 2293 3794 R
2358 3737 2657 3806 hyronieos
2692 3737 2747 3792 L
2808 3739 2945 3806 hyro
2996 3737 3103 3792 ’000
3140 3737 3209 3792 Η

647 3811 886 3866 ironicos
925 3809 986 3862 F
1029 3813 1046 3881 ΙΙ
1097 3811 1164 3864 ut
1199 3853 1210 3864 .
1247 3853 1258 3864 .
1293 3853 1302 3864 .
1339 3809 1560 3864 refertis
1599 3827 1696 3864 om.
1739 3809 1868 3862 LH
1901 3811 1987 3878 (ut
2024 3851 2037 3866 .
2066 3849 2079 3860 .
2114 3853 2127 3866 .
2162 3809 2393 3864 laudem
2428 3811 2555 3864 add.
2598 3809 2639 3878 Ζ)
2690 3811 2711 3878 ΙΙ
2766 3815 2797 3862 4
2836 3757 3041 3864 1011ιὲ0
3082 3809 3143 3862 F
3180 3809 3201 3880 Η

647 3881 926 3950 Vrbanus]
965 3881 1192 3950 quidam
1233 3881 1294 3934 F
1315 3885 1332 3962 ΙΙ
1363 3887 1396 3936 5
1429 3885 1622 3934 tamen
1657 3881 1864 3954 totum]
1903 3883 2125 3934 tantum
2152 3881 2283 3934 LH
2312 3883 2475 3950 (corr.
2506 3881 2543 3950 ἶ)
2602 3885 2819 3934 tantum
2860 3881 3041 3934 totum
3074 3881 3149 3932 M
3182 3883 3197 3948 Ιξ

645 3951 850 4022 accipit
879 3953 1010 4004 LH
1017 3953 1086 4004 M
1097 3973 1110 4006 t
1151 3953 1278 4004 uult
1309 3953 1568 4020 intellegi
1597 3951 1802 4004 ASRl
1857 3953 2055 4004 uolunt
2090 3953 2347 4020 intellegi
2378 3953 2435 4004 F
2458 3953 2477 4022 {l
2506 3967 2753 4004 errorum
2780 3951 2915 4004 RH
2934 3953 2953 4020 ΙΙ
2984 3959 3013 4004 6
3046 3953 3199 4006 stant

647 4067 658 4078 .
689 4067 700 4078 .
733 4067 748 4078 .
787 4023 980 4076 credat
1017 4039 1116 4078 om.
1137 4023 1266 4076 LH
1291 4025 1438 4092 (add.
1459 4025 1502 4094 Z)
1531 4025 1546 4096 ΙΙ
1573 4027 1642 4076 ut
1675 4039 1774 4076 om.
1795 4021 1940 4076 ΒΜ
1966 4023 1987 4094 ΙΙ
2016 4029 2043 4076 7
2084 4023 2229 4076 sicut
2264 4021 2405 4076 illud
2440 4019 2717 4092 Terentii]
2758 4037 2859 4076 om.
2880 4023 2929 4076 L
2968 4025 3117 4088 (add.
3138 4023 3197 4088 l),

643 4097 704 4148 ut
743 4095 814 4148 sit
851 4095 1038 4148 terent
1071 4095 1190 4164 (sic)
1229 4093 1372 4148 illud
1409 4095 1478 4148 H
1525 4095 1672 4148 sicut
1705 4093 1930 4148 terent-ii
1970 4093 2115 4148 illud
2150 4095 2229 4146 M
2252 4097 2267 4164 [Ι
2308 4093 2455 4148 sicut
2494 4111 2593 4148 om.
2624 4093 2695 4160 R,
2734 4095 2863 4148 add.
2894 4093 3041 4148 Pet-r.
3074 4095 3195 4148 Da-

641 4167 752 4222 niel
777 4167 796 4236 ΙΙ
829 4169 1044 4234 quanto
1081 4167 1206 4236 plus
1249 4165 1410 4234 cupio
1445 4169 1608 4220 tanto
1645 4165 1822 4220 minus
1865 4167 2029 4220 credo
2066 4167 2101 4220 l.
2158 4165 2291 4232 quia
2326 4167 2445 4218 tam
2486 4165 2685 4218 misere
2724 4165 2831 4220 hoc
2870 4181 2991 4218 esse
3026 4163 3191 4234 cupio

643 4253 856 4304 verum,
907 4253 970 4292 eo
1011 4253 1204 4292 vereor
1243 4237 1420 4306 magis
1463 4237 1750 4292 Terentius
1791 4239 1808 4308 ΙΙ
1867 4243 1898 4292 8
1935 4255 2033 4292 svn
2070 4237 2181 4290 AS
2222 4239 2381 4306 (corr.
2416 4237 2475 4304 a)
2530 4239 2549 4306 ΙΙ
2608 4243 2667 4290 11
2712 4235 2987 4308 corografi
3020 4235 3193 4292 ΑΒΕ

643 4309 974 4378 (chyrografi
1013 4311 1066 4376 α)
1125 4309 1502 4378 historiografi
1537 4309 1600 4364 F
1621 4311 1640 4380 ΙΙ
1681 4313 1750 4362 12
1783 4309 2039 4376 apuleiae
2080 4309 2135 4362 R
2162 4309 2177 4378 ΙΙ
2208 4307 2415 4376 hirpini
2452 4309 2515 4362 H
2526 4309 2601 4360 M
2610 4307 2687 4362 F:
2730 4307 2913 4378 ispani
2952 4307 3061 4364 AS
3100 4309 3191 4376 (iia

639 4379 760 4448 pini
793 4381 850 4448 a)
907 4379 1132 4448 hispani
1165 4379 1222 4434 R
1261 4379 1490 4448 (hispini
1525 4385 1576 4450 r)
1635 4379 1862 4448 hyspini
1897 4379 1948 4432 L
1988 4379 2247 4450 (hyspani
2282 4379 2321 4448 l)
2354 4381 2371 4452 ΙΙ
2408 4385 2475 4432 13
2516 4381 2801 4448 sulpureas
2834 4379 2909 4434 M
2942 4381 3191 4448 (sulphu-

637 4469 760 4504 reas
793 4455 870 4520 m)
925 4451 1282 4520 sulphuratae.
1319 4451 1380 4504 F
1409 4455 1428 4520 ll
1475 4451 1720 4508 ambitur
1759 4451 1888 4504 LH
1893 4453 1967 4504 M
1976 4475 1991 4504 ε
2026 4451 2351 4506 ambiuntur
2386 4451 2587 4520 reliqui
2620 4453 2641 4520 ΙΙ
2686 4459 2755 4506 14
2788 4451 2919 4506 ideo
2960 4453 3089 4506 ΕΗ
3096 4451 3167 4506 Μ
3172 4475 3187 4506 z

635 4523 862 4592 propter
897 4523 1006 4578 hoc
1037 4521 1222 4578 ASF
1271 4525 1500 4592 propter
1533 4523 1588 4578 R
1627 4525 1644 4592 ΙΙ
1683 4521 1788 4592 ibi]
1829 4523 1946 4574 illie
1988 4523 2151 4594 RF„
2192 4537 2311 4606 0000
2354 4539 2451 4576 om.
2482 4523 2613 4576 LH
2640 4525 2657 4592 ΙΙ
2700 4523 3027 4592 inferorum]
3072 4541 3187 4578 esse

631 4595 1142 4744 {iaqumu
1153 4591 1862 4734 ‘42233021513222533535
1881 4593 2389 4718 lstss‘ffitgassssse
2408 4611 2513 4734 {1²3}
2540 4595 3197 4720 ffelcsstffifflfflff

633 4737 886 4792 lucaniae
933 4755 1052 4790 esse
1103 4739 1198 4806 qui
1249 4737 1580 4792 describitur
1625 4737 1780 4790 loeus
1819 4751 1856 4788 a
1891 4739 2059 4802 poeta
2102 4737 2171 4790 M
2234 4735 2489 4790 lucaniae
2536 4751 2651 4790 esse
2702 4753 2869 4802 quem
2914 4735 3187 4792 describit

629 4807 782 4860 100110
817 4807 874 4860 L
927 4811 1120 4878 (poeta
1153 4813 1282 4876 post
1329 4797 1598 4862 describit
1631 4823 1780 4874 supr.
1819 4823 1955 4860 vers,
1996 4809 2123 4862 add.
2160 4807 2201 4872 l)
2258 4807 2441 4860 locum
2488 4807 2657 4860 istum
2708 4823 2869 4874 quem
2914 4807 3185 4862 describit

627 4883 794 4946 poeta
819 4877 1076 4934 lucaniae
1109 4877 1390 4948 (canusiae
1419 4879 1550 4946 AS)
1585 4895 1706 4934 esse
1737 4877 1876 4944 (0000
1903 4877 2159 4932 lucaniae
2180 4879 2263 4940 F)
2282 4877 2527 4932 ASRF
2550 4881 2569 4946 Η
2606 4883 2673 4930 20
2704 4877 2799 4946 qui
2824 4881 2897 4934 M
2930 4879 3087 4948 (quia
3110 4883 3179 4944 m)

629 4947 646 5016 {l
681 4949 766 5002 ait
799 4965 902 5004 om.
933 4951 1036 5018 11⁷1!
1063 4951 1310 5004 medium
1351 4949 1414 5004 H
1435 4953 1454 5020 ΙΙ
1485 4949 1554 5004 ad
1593 4951 1772 5004 totam
1807 4945 1918 4998 nisi
1958 4949 2011 5000 R
2036 4949 2057 5016 ΙΙ
2096 4955 2159 5002 21
2204 4951 2259 5002 et
2294 4951 2381 5000 est
2416 4949 2471 4998 L
2506 4949 2625 5016 (dcl.
2656 4949 2697 5016 Z)
2726 4951 2745 5020 ΙΙ
2778 4951 2839 5006 in
2876 4967 2977 5006 om.
3004 4951 3181 5006 ΑΗΒ

625 5021 776 5094 (add.
805 5021 864 5086 a)
891 5025 910 5090 ΙΙ
937 5027 1006 5074 22
1045 5021 1270 5090 penitus
1307 5039 1406 5076 om.
1437 5021 1492 5074 lt
1517 5025 1536 5090 ss
1565 5027 1634 5074 24
1669 5035 1932 5092 Ausciwri
1964 5019 2015 5072 L
2042 5021 2059 5088 [Ι
2090 5019 2361 5072 amseanti
2388 5017 2441 5068 L
2468 5021 2487 5088 ΙΙ
2512 5019 2665 5072 omni
2702 5023 2885 5094 parte]
2934 5023 3179 5090 undique

629 5089 798 5148 ASR
811 5089 874 5144 F
893 5093 912 5162 ΙΙ
951 5093 1130 5148 scanti
1165 5093 1218 5144 L
1247 5093 1264 5162 ΙΙ
1303 5099 1372 5146 25
1409 5093 1692 5162 fragosam
1735 5087 1936 5142 ASFz
1976 5091 1993 5158 ΙΙ
2034 5093 2279 5144 torrente
2322 5087 2491 5144 fluuio
2528 5091 2635 5146 AS
2644 5091 2701 5146 R
2714 5093 2771 5146 F
