3900 5784
739 621 824 684 68
1895 623 2137 678 SERVII
2154 655 2161 662 ·

735 783 906 846 teret
945 783 1254 864 phocam:
1301 803 1428 864 quo
1465 783 1644 850 facto
1681 787 1912 852 territis
1945 785 2119 868 equis
2154 787 2219 846 et
2260 785 2621 870 Hippolyto
2656 785 3043 864 interempto
3084 781 3285 846 Phae-

737 885 850 950 dra
915 887 1154 954 amoris
1217 887 1606 972 inpatientia
1669 891 1902 976 laqueo
1960 891 2163 954 vitam
2230 891 2457 956 finivit.
2638 903 3087 964 PROORINQVE
3152 887 3285 950 filia

731 991 996 1078 Iphicli,
1043 1015 1202 1058 uxor
1243 993 1514 1080 Cephali
1559 997 1700 1062 fuit.
1763 999 1876 1080 qui
1911 1019 2055 1060 cum
2094 997 2371 1062 venandi
2410 993 2623 1062 studio
2660 999 3015 1078 teneretur,
3062 993 3285 1058 labore

589 1175 592 1178 ⁴
731 1097 942 1166 fessus
1007 1101 1084 1164 ad
1149 1101 1360 1168 locum
1425 1103 1740 1188 quendam
1797 1103 1870 1164 in
1913 1103 2089 1168 silvis
2144 1103 2237 1166 ire
2292 1103 2717 1168 consueverat
2772 1107 2837 1168 et
2892 1101 3025 1166 illic
3082 1101 3157 1164 ad
3222 1125 3285 1166 se

593 1213 596 1216 ’
663 1217 692 1266 5
729 1209 1152 1274 recreandum
1197 1231 1420 1276 auram
1469 1229 1712 1274 vocare.
1805 1209 1977 1294 quod
2024 1231 2169 1274 cum
2216 1229 2407 1294 saepe
2454 1193 2721 1292 faceret,
2770 1229 3051 1274 amorem
3100 1207 3163 1270 in
3216 1231 3281 1274 se

729 1317 938 1380 movit
1001 1315 1314 1404 Aurorae,
1385 1339 1544 1402 quae
1613 1317 1668 1380 ei
1733 1337 1959 1380 canem
2026 1317 2525 1402 velocissimam,
2590 1313 2935 1400 Laelapam
3006 1315 3279 1402 nomine,
3358 1361 3367 1368 -

729 1421 998 1488 donavit
1035 1427 1098 1488 et
1141 1425 1266 1488 duo
1301 1425 1570 1488 hastilia
1609 1423 2017 1488 inevitabilia
2048 1431 2109 1488 et
2142 1427 2473 1510 reciproca,
2520 1443 2789 1506 eumque
2838 1425 2905 1488 in
2950 1425 3279 1506 amplexus

725 1529 1006 1614 rogavit.
1077 1529 1190 1592 ille
1241 1531 1328 1594 ait
1373 1527 1814 1592 iusiurandum
1865 1551 1928 1594 se
1978 1529 2219 1592 habere
2268 1553 2411 1596 cum
2458 1529 2739 1614 coniuge
2782 1533 3043 1596 mutuae
3094 1529 3279 1594 casti-

725 1635 902 1700 tatis.
975 1659 1100 1722 quo
1143 1635 1362 1702 audito
1401 1635 1736 1722 respondit
1773 1633 2053 1700 Aurora:
2102 1641 2175 1700 ut
2222 1639 2453 1722 probes
2504 1635 2705 1720 igitur
2754 1635 3041 1722 coniugis
3092 1637 3281 1702 casti-

621 1749 688 1800 10
723 1743 954 1826 tatem,
1021 1749 1196 1810 muta
1257 1749 1318 1808 te
1383 1743 1448 1806 in
1507 1747 1942 1808 mercatorem.
2038 1731 2163 1826 quo
2220 1743 2393 1812 facto
2448 1743 2559 1810 ille
2620 1743 2695 1806 iit
2754 1743 2833 1810 ad
2888 1743 3157 1812 Procrin
3216 1749 3279 1808 et

725 1851 962 1916 oblatis
1013 1851 1388 1916 muneribus
1433 1849 1908 1934 impetratoque
1954 1849 2133 1914 coitu
2178 1851 2511 1916 confessus
2556 1851 2655 1910 est
2702 1849 3025 1914 maritum.
3110 1851 3275 1934 quod

723 1957 838 2022 illa
899 1959 1118 2024 dolens
1169 1981 1310 2024 cum
1357 1957 1644 2022 audisset
1687 1977 1728 2018 a
1775 1955 2015 2020 rustico
2060 1977 2279 2020 amare
2326 1979 2475 2022 eum
2520 1953 2791 2040 Auram,
2856 1977 3047 2040 quam
3104 1957 3275 2022 invo-

723 2085 872 2130 care
929 2069 1376 2148 consueverat,
1441 2065 1526 2130 ad
1577 2063 1778 2128 silvas
1831 2061 2127 2146 profecta
2184 2067 2285 2126 est
2344 2067 2409 2128 et
2460 2065 2529 2128 in
2592 2061 2887 2128 frutectis
2946 2061 3141 2128 latuit
3198 2067 3273 2130 ad

723 2171 1324 2256 deprehendendum
1375 2171 1678 2236 maritum
1725 2189 1864 2242 cum
1895 2169 2181 2250 paelices
2232 2169 2343 2256 qui
2390 2193 2533 2234 cum
2580 2191 2759 2234 more
2806 2169 3003 2236 solito
3048 2181 3273 2238 auram

615 2287 680 2336 15
719 2283 1012 2364 vocaret,
1047 2277 1304 2344 Procris
1343 2277 1562 2362 egredi
1603 2277 1868 2358 cupiens
1905 2275 2189 2354 frutecta
2224 2277 2587 2342 commovit.
2652 2299 2917 2360 sperans
2950 2277 3271 2364 Cephalus

653 2433 656 2436 -
715 2385 948 2470 feram,
1009 2387 1268 2450 hastam
1319 2383 1764 2448 inevitabilem
1809 2381 1969 2446 ‘iecit
2018 2385 2079 2446 et
2128 2383 2393 2466 ignarus
2438 2383 2767 2448 interemit
2808 2407 3095 2450 uxorem.

715 2509 1192 2570 MAEsrAMQvE
1229 2507 1634 2556 ERIPHYLEN
1667 2487 1826 2552 haec
1859 2487 2271 2574 Amphiarai,
2316 2487 2577 2576 aug-uris
2612 2487 2867 2576 Argivi,
2910 2513 3073 2556 uxor
3118 2493 3267 2558 fuit=

861 2693 892 2740 1
931 2703 1040 2754 quo
1073 2685 1228 2742 facto
1271 2727 1280 2740 .
1313 2727 1322 2736 .
1357 2729 1370 2740 .
1393 2681 1610 2752 finivit]
1651 2699 1820 2738 exscr.
1861 2681 2143 2752 mythogr.
2178 2679 2233 2732 ΙΙ
2272 2689 2375 2738 128
2418 2685 2437 2752 ΙΙ
2496 2687 2525 2736 2
2560 2679 2679 2734 filia
2716 2679 2919 2752 Iphicli
2964 2727 2973 2738 .
3006 2725 3015 2736 .
3048 2727 3059 2736 .
3100 2685 3269 2740 inter-

713 2757 854 2812 emit
893 2757 1148 2830 uxorem]
1185 2773 1354 2812 exscr.
1395 2757 1672 2826 mythogr.
1709 2753 1740 2806 I
1775 2759 1844 2808 44
1883 2757 1940 2808 et
1978 2753 2169 2838 1121ss

857 2943 888 2988 1
923 2937 1046 2990 fato
1073 2935 1138 2990 F
1157 2937 1176 3007 11
1203 2937 1262 2988 et
1295 2933 1480 2988 subito
1519 2931 1856 3000 interempto
1885 2929 2193 3000 Hippolyto
2224 2931 2373 2988 Ision
2396 2935 2415 3002 11
2442 2937 2475 2988 2
2514 2929 2719 3000 finivit]
2758 2931 2841 2988 fiit
2870 2933 2937 2988 H
2982 2931 3127 2988 finiit
3150 2935 3231 2988 M
3246 2935 3267 3008 11

707 3027 1076 3068 PRocanvAs
1105 3009 1162 3060 A
1213 3023 1548 3066 rnocRvas
1575 3001 1642 3054 F
1671 3003 1690 3072 11
1733 3001 1850 3056 filia
1889 3045 1900 3056 .
1931 3045 1942 3056 .
1978 3045 1989 3056 .
2028 3003 2157 3074 fuit]
2194 3001 2301 3058 hec
2338 3021 2479 3058 uxor
2514 3001 2717 3056 caefali
2752 3005 2867 3060 filia
2898 3003 3015 3060 ficli
3050 3003 3161 3060 fuit
3194 3007 3269 3060 M

707 3076 730 3150 11
775 3087 806 3132 3
843 3079 980 3134 ificli
1019 3079 1076 3132 F
1127 3077 1250 3132 ifldi
1285 3077 1330 3132 0
1383 3075 1548 3146 iphili
1583 3075 1694 3128 AS
1701 3073 1834 3128 RH
1877 3075 2273 3144 mythoyraphi.
2328 3077 2401 3144 ef.
2440 3075 2743 3130 Mwnckeri
2776 3077 2961 3132 adnot.
3000 3077 3075 3132 ad
3112 3077 3211 3144 Hy
3252 3117 3261 3132 .

707 3151 824 3216 fab.
867 3157 964 3206 189
993 3153 1016 3220 11
1053 3149 1216 3220 uxor]
1255 3149 1398 3202 haee
1431 3163 1566 3200 uxor
1605 3143 1706 3198 Ra
1763 3147 1940 3198 hfixor
1980 3145 2047 3198 H
2074 3145 2095 3214 11
2134 3143 2243 3198 fuit
2276 3163 2377 3200 om.
2416 3147 2465 3202 0
2496 3148 2517 3217 11
2552 3143 2673 3216 qui]
2718 3147 2811 3212 qui
2850 3145 3117 3216 cephalus
3152 3095 3265 3222 F91

707 3225 744 3274 4
783 3221 854 3276 ad
893 3221 1170 3290 quendam
1203 3221 1394 3276 locum
1429 3219 1488 3272 R
1513 3221 1532 3288 11
1555 3215 1664 3288 ire]
1701 3215 1856 3270 adire
1891 3217 2157 3284 vu290115
2196 3233 2451 3272 auroram
2494 3231 2565 3270 as
2604 3221 2653 3270 et
2684 3219 2849 3288 vulyo
2874 3219 2895 3288 11
2934 3225 2967 3272 6
3006 3235 3171 3272 aurae

707 3309 910 3348 aureor
943 3293 1016 3348 H
1059 3291 1290 3364 autjllae
1325 3291 1402 3344 M
1421 3293 1440 3360 11
1481 3285 1892 3342 uelocissimam
1925 3289 2091 3342 AM:
2134 3287 2541 3344 uelocissimum
2578 3289 2777 3356 reliqua·
2802 3291 2823 3360 11
2862 3289 3107 3360 lelapam
3140 3291 3263 3346 AB

705 3363 990 3432 Iaelopam
1031 3363 1088 3418 F
1097 3363 1148 3418 Ο
1191 3363 1462 3430 Lelepam
1501 3361 1762 3430 mythoyr.
1793 3359 1834 3412 I
1879 3357 2225 3428 Lampadam
2264 3363 2521 3432 mythoqr.
2550 3357 2635 3410 II
2670 3359 2919 3430 Laelapa
2952 3363 3261 3418 Masvieius‘

705 3433 724 3504 ΙΙ
767 3441 806 3490 7-
831 3435 1208 3506 inevitabilia]
1251 3435 1386 3504 quia
1419 3433 1658 3486 uenator
1689 3429 1800 3486 fuit
1833 3445 1989 3498 supr.
2026 3445 2157 3484 vers.
2196 3433 2323 3486 add.
2358 3453 2393 3488 a
2424 3435 2499 3498 cf:
2526 3429 2787 3498 mythoyr.
2818 3433 2905 3486 II
2922 3431 2947 3500 11
2976 3435 3261 3504 amplexus

705 3521 776 3560 6ae
809 3505 1160 3576 amplexibus
1195 3507 1252 3558 A
1303 3501 1654 3574 amplexibus
1679 3501 1726 3556 S
1739 3501 1814 3556 M
1867 3502 2181 3570 amplexum
2210 3501 2271 3554 F
2292 3505 2313 3570 ΙΙ
2340 3509 2375 3558 8
2408 3503 2511 3558 1116
2544 3501 2631 3556 ait
2660 3517 2763 3558 om.
2790 3503 2865 3556 H
2880 3507 2901 3572 11
2924 3503 3029 3574 ait]
3070 3505 3261 3560 autem

705 3575 772 3628 F
815 3577 1108 3646 respondit
1155 3577 1490 3644 exemplaria
1517 3573 1780 3642 pleraque
1821 3573 1842 3640 ΙΙ
1897 3589 2025 3624 cum
2058 3587 2161 3624 om.
2200 3573 2315 3628 FO
2358 3577 2379 3644 11
2426 3575 2655 3628 mutuae
2694 3573 2977 3630 castitatis
3020 3591 3123 3630 om.
3162 3573 3215 3630 G
3244 3575 3251 3644 Ι

705 3651 740 3698 9
773 3663 908 3702 aura
931 3647 1224 3718 respondit
1249 3647 1302 3700 L
1335 3661 1540 3700 aurora
1563 3643 1858 3712 respondit
1885 3641 2033 3696 HM
2054 3642 2073 3709 11
2108 3645 2169 3696 10
2196 3645 2413 3700 mutato
2440 3645 2501 3698 te
2528 3641 2595 3696 F
2616 3643 2633 3712 11
2658 3639 2751 3710 iit]
2778 3645 2847 3696 ut
2874 3645 3003 3710 SH,
3036 3661 3139 3698 om.
3170 3645 3223 3698 0
3242 3647 3249 3718 1

707 3721 774 3770 11
811 3717 1178 3786 inperatoque
1217 3715 1268 3770 Ο
1303 3719 1324 3788 11
1367 3715 1668 3780 confessus„
1687 3715 1776 3768 est
1809 3711 2071 3768 maritum
2112 3729 2213 3766 ast
2262 3717 2545 3768 confessus
2596 3711 2859 3768 maritum
2892 3713 3081 3770 ΑΒΗ
3128 3733 3257 3770 con-

701 3785 884 3842 fessus
929 3789 1192 3844 maritum
1241 3791 1324 3844 est
1361 3787 1418 3842 R
1481 3789 1564 3840 est
1613 3783 1896 3840 confessus
1937 3783 2221 3852 (confusus
2262 3783 2329 3856 Ο)
2384 3785 2649 3842 maritum
2686 3783 2803 3840 FO
2856 3787 3137 3840 confessus
3174 3789 3261 3842 est

703 3875 764 3912 se
803 3875 922 3916 esse
959 3861 1226 3916 maritum
1257 3859 1328 3914 M
1357 3855 1766 3930 mythoyraphi,
1799 3857 1914 3912 wisi
1937 3855 2083 3924 quod
2120 3855 2385 3912 maritum
2412 3873 2573 3912 suum
2610 3855 2873 3926 mythoqr.
2898 3857 2989 3912 II
3008 3861 3027 3928 11
3056 3863 3123 3912 12
3162 3859 3257 3914 do-

701 3929 822 3984 lens
863 3975 874 3984 .
1003 3933 1136 3986 invo
1175 3949 1274 3988 om.
1305 3929 1368 3986 F
1389 3933 1408 4002 11
1433 3947 1468 3984 a
1505 3925 1712 3984 rustico
1753 3927 1997 3998 quodam
2036 3925 2083 3980 0
2104 3929 2125 3996 11
2150 3929 2359 3984 Auram
2394 3929 2445 3984 L
2480 3927 2745 3998 mythoyr.
2780 3929 2827 3982 I
2834 3949 2849 3982 t
2892 3929 3147 4002 aulssram
3184 3931 3261 3984 M

701 4017 906 4058 aurora
941 4003 990 4056 0
1043 4021 1298 4058 auroram
1333 3999 1584 4056 ASRH
1605 4001 1626 4070 11
1661 4005 1728 4052 13
1769 3999 2061 4056 consuerat
2100 3997 2217 4052 FO
2238 4001 2257 4070 11
2290 3999 2351 4054 in
2386 4001 2557 4056 siluas
2602 3995 2715 4050 FO
2750 3999 2769 4070 11
2806 4005 2875 4054 14
2908 4001 3255 4070 prehenden-

701 4071 836 4126 dum
875 4075 934 4128 F
953 4075 976 4144 11
1021 4093 1148 4130 cum
1183 4075 1400 4144 paelice
1433 4075 1556 4128 hab.
1601 4069 1670 4136 0,
1705 4071 1880 4126 edidit
1915 4069 2225 4140 Stephanus
2254 4075 2271 4144 11
2314 4077 2383 4126 14
2418 4087 2673 4128 auroram
2712 4069 2799 4126 Sa
2836 4073 2859 4142 11
2898 4077 2965 4126 15
3002 4077 3259 4128 uocasset

701 4143 818 4196 FO
857 4145 880 4212 11
935 4151 1000 4200 16
1037 4145 1424 4202 inevitabilem
1459 4161 1560 4198 om.
1601 4141 1652 4194 0
1687 4143 1706 4212 11
1755 4139 1955 4196 deiecit
1992 4141 2103 4194 AS
2146 4143 2163 4213 ΙΙ
2204 4145 2459 4214 uxorem]
2502 4157 2645 4212 quae
2678 4141 2873 4196 tamen
2906 4143 3147 4198 moriens
3182 4161 3255 4196 ne

701 4229 958 4268 auroram
999 4217 1228 4272 duceret
1265 4215 1574 4286 postulauit
1611 4215 1674 4266 iu
1709 4227 1880 4280 mam.
1919 4211 2061 4264 add:
2086 4227 2139 4266 a.
2194 4215 2265 4278 cf.
2300 4215 2561 4284 mythoyr.
2592 4209 2673 4264 II
2690 4211 2713 4278 11
2742 4217 2805 4266 17
2846 4215 2919 4266 ad
2958 4215 3253 4268 Maestam-

697 4301 808 4350 que
843 4283 1154 4356 Eriphylen
1199 4289 1264 4342 in
1307 4301 1478 4354 mary.
1525 4283 1860 4338 Turonensis
1903 4281 1953 4332 is
2004 4281 2269 4350 interpres
2310 4287 2409 4354 qui
2450 4283 2773 4338 Tironianis
2814 4285 2965 4338 notis
3008 4301 3141 4340 usus
3176 4293 3255 4340 est

695 4355 828 4410 haee
867 4359 1164 4426 adscripsit
1195 4357 1464 4426 Eriphyle
1505 4353 1830 4422 amphyarai
1869 4367 2011 4404 uxor
2042 4349 2153 4406 fuit
2188 4371 2331 4422 quae
2380 4371 2479 4426 pro
2526 4351 2723 4406 monili
2768 4371 2935 4410 aureo
2988 4359 3249 4412 maritum

697 4443 858 4480 suum
879 4427 954 4482 -in
991 4429 1142 4484 bello
1179 4431 1424 4484 thebano
1459 4425 1732 4478 latentem
1771 4421 2037 4496 prodidit.
2112 4425 2259 4480 unde
2302 4425 2577 4494 quaerunt
2622 4427 2875 4482 nonnulli
2918 4447 3061 4498 quur
3114 4429 3251 4482 haec

697 4513 840 4564 quae
883 4517 990 4554 non
1027 4501 1196 4570 periit
1233 4501 1460 4572 propter
1501 4501 1748 4548 amorem
1793 4493 2035 4550 hominis
2070 4497 2167 4548 sed
2202 4499 2433 4566 propter
2472 4491 2835 4566 cupiditatem
2874 4501 2997 4554 auri
3032 4499 3253 4554 dicatur

697 4583 820 4622 esse
857 4569 916 4624 iu
953 4571 1162 4628 circulo
1199 4571 1524 4626 amantium.
1593 4567 1690 4620 sed
1729 4567 1894 4622 stoici
1929 4565 2125 4622 dicunt
2160 4611 2171 4620 .
2204 4609 2217 4620 .
2250 4611 2263 4624 .
2300 4571 2559 4636 (duarum
2596 4571 2855 4624 ‘notarum
2890 4573 3005 4626 loco
3030 4575 3251 4640 puncta

653 4675 658 4680 ‚
687 4641 880 4708 posui)
915 4643 1188 4698 uniforme
1229 4659 1364 4698 esse.
1439 4637 1582 4692 nihil
1633 4637 1780 4692 enim
1827 4637 2025 4692 dicunt
2068 4637 2337 4692 interesse
2374 4641 2557 4694 utrum
2598 4639 2753 4692 amet
2784 4641 2907 4708 quis
2946 4641 3139 4710 paleas
3174 4659 3249 4694 an

695 4723 908 4764 aurum.
983 4717 1042 4766 et
1075 4715 1202 4770 ideo
1245 4759 1256 4770 ,
1289 4759 1300 4770 .
1331 4757 1340 4768 .
1379 4757 1388 4770 .
1437 4713 1604 4780 (duae
1631 4723 1804 4788 ‘voces‘
1821 4709 2081 4764 inductae
2118 4713 2271 4776 stmt,
2316 4711 2521 4764 amoris
2568 4707 2847 4778 cupiditas
2892 4713 3065 4778 fuisse
3102 4713 3247 4764 vide·

695 4779 918 4848 bantur,
953 4785 1106 4854 apud
1141 4785 1346 4840 inferos
1385 4785 1534 4838 inter
1565 4779 1708 4834 ahos
1751 4779 2003 4836 amantes
2040 4779 2259 4836 retenta
2294 4797 2415 4836 esse
2454 4779 2671 4836 dicitur.
2732 4783 2907 4836 mesta
2948 4797 3081 4836 uero
3120 4799 3245 4836 cum

695 4849 836 4904 dixit
881 4855 1116 4908 uerbum
1163 4873 1192 4910 e
1239 4857 1412 4912 uerbo
1459 4851 1748 4922 expressit.
1821 4867 1953 4904 nam
2004 4853 2265 4906 homerus
2314 4853 2619 4926 schygeren
2670 4867 2793 4904 eam
2844 4855 3009 4908 uocat
3052 4851 3115 4908 id
3158 4855 3249 4908 est

691 4923 928 4980 tristem.
987 4927 1096 4980 stix
1135 4929 1320 4984 autem
1355 4923 1590 4980 tristitia
1613 4923 2043 4994 iuterpretatur.
2100 4923 2283 4978 mesta
2320 4929 2507 4980 autem
2544 4923 2677 4992 quia
2718 4937 2753 4974 a
2778 4923 2895 4980 filio
2932 4923 2995 4978 in
3028 4925 3245 4980 ultione

691 4991 872 5062 patris
909 4995 1202 5054 interfecta
1239 4999 1434 5054 fuerat.
1465 4999 1486 5064 11
1515 5013 1794 5052 summus
1835 4993 1886 5046 A
1929 5011 2233 5050 sumansu
2270 4993 2331 5048 F
2372 4991 2813 5102 Entpnmsn10H
2858 5013 3135 5052 nurerum
3172 4995 3249 5048 M

691 5063 710 5136 11
747 5081 926 5120 unxor
961 5067 1030 5120 H
1065 5071 1084 5138 11
1129 5069 1238 5124 fuit
1275 5085 1370 5124 om.
1413 5069 1468 5122 F
1481 5069 1528 5122 0

2620 5115 2671 5310 s)
