3900 5784
643 1263 676 1310 5

607 1797 692 1844 10.

611 2305 676 2376 15

609 2863 678 2910 20

611 3399 678 3446 25

717 663 804 728 86
1867 663 2101 718 SERVH

715 843 896 888 LERE
939 839 1256 888 DEXTRAS
1303 823 1428 888 hoe
1471 825 1616 888 loco
1659 825 1914 890 videtur
1954 825 2237 890 blandiri
2278 825 2603 908 Auguste,
2652 825 2803 906 quia
2846 825 3073 888 contra
3104 819 3259 886 Cae-

715 951 954 1014 sarem,
1013 933 1266 1014 patrem
1291 957 1300 970 ‘
1325 933 1488 1018 eius,
1551 933 1740 996 multi
1799 933 2033 1016 quibus
2086 933 2359 1016 ignovit,
2422 945 2601 990 arma
2660 907 3097 1014 susceperant:
3162 933 3263 992 est

713 1059 990 1124 namque
1051 1037 1188 1100 eius
1243 1035 1512 1124 dictum,
1573 1041 1722 1104 dare
1783 1039 2041 1122 quidem
2092 1061 2163 1104 se
2216 1037 2467 1100 veniam
2518 1035 2953 1120 Pompeianis5
3014 1037 3121 1102 sed
3176 1037 3259 1100 ab

711 1143 870 1224 ipsis
913 1143 1292 1226 quandoque
1329 1167 1466 1210 esse
1505 1143 1886 1228 periturum:
1925 1149 1999 1206 ut
2042 1145 2239 1208 ‘arma
2280 1141 2501 1226 impia'
2552 1143 2767 1208 civilia
2806 1145 3041 1208 dixerit
3074 1145 3263 1228 bella,

715 1271 876 1332 quae
933 1255 1274 1314 moverunt
1317 1251 1698 1336 Pompeiani
1753 1255 1979 1314 contra
2038 1253 2333 1332 acceptae
2392 1251 2613 1314 veniae
2670 1251 2881 1314 fidem.
2972 1251 3081 1314 sed
3130 1271 3261 1314 non

711 1357 1018 1440 procedit.
1089 1379 1242 1422 nam
1293 1359 1346 1422 si
1395 1359 1598 1422 ‘arma
1645 1357 1866 1440 impia’
1919 1359 2077 1422 dixit
2124 1357 2365 1422 bellum
2416 1357 2627 1440 civile,
2674 1359 2889 1440 tangit
2932 1365 2999 1422 et
3042 1357 3261 1442 Augu-

715 1465 888 1528 stum
931 1467 990 1526 et
1019 1463 1390 1548 Gaesarem,
1431 1467 1542 1548 qui
1581 1467 1648 1528 et
1683 1465 1812 1548 ipsi
1847 1465 2065 1530 civilia
2098 1465 2275 1528 bella
2308 1467 2689 1528 tractarunt.
2752 1465 2909 1528 item
2946 1465 3005 1526 si
3044 1465 3265 1548 culpat

715 1593 828 1634 eos
871 1569 984 1652 qui
1033 1575 1254 1636 contra
1303 1573 1490 1638 fidem
1541 1571 1724 1634 datae
1773 1571 1995 1636 veniae
2046 1573 2541 1654 dimicaverunt,
2598 1571 2815 1656 tangit
2860 1569 3263 1656 Augustum:

711 1701 864 1740 nam
921 1675 1322 1742 transierunt
1373 1679 1454 1742 ad
1505 1701 1650 1740 eum
1701 1677 1782 1740 ab
1829 1677 2113 1742 Antonio
2166 1677 2293 1740 duo
2336 1677 2521 1742 milia
2564 1679 2881 1764 equitum,
2936 1701 3055 1762 per
3100 1701 3263 1764 quos

717 1789 816 1848 est
851 1785 1194 1850 victoriam
1229 1787 1638 1850 consecutus:
1689 1783 1999 1850 Horatius
2044 1785 2131 1848 ad
2168 1785 2365 1850 hunc
2402 1785 2821 1850 frementes
2866 1789 3265 1850 verterunt

715 1893 834 1956 bis
899 1893 1112 1956 mille
1181 1913 1412 1974 equos
1479 1889 1690 1956 Galli
1761 1895 2125 1956 canentes
2194 1889 2635 1956 Caesarem.‘
2708 1893 2863 1956 fecit
2926 1897 3265 1976 praeterea

715 1997 1020 2062 iniuriam
1077 1999 1372 2082 Augusto
1431 1997 1534 2062 vel
1589 1995 1854 2062 Caesari
1915 1999 1969 2060 si
2026 2019 2133 2060 606
2194 1995 2553 2062 ‘dominos'
2608 1999 2801 2082 dixit,
2862 2001 3037 2082 quod
3094 1999 3261 2082 apud

715 2105 990 2168 maiores
1039 2103 1432 2168 invidiosum
1475 2105 1622 2166 fuit:
1673 2125 1828 2166 nam
1873 2103 2125 2186 ‘patres
2170 2103 2447 2184 patriae'
2494 2091 2899 2186 dicebantur,
2940 2113 3073 2170 non
3120 2103 3263 2170 ‘do-

715 2209 934 2274 mini':
995 2211 1320 2274 Iuvenalis
1365 2211 1572 2292 <VIII
1603 2211 1776 2292 244>
1825 2211 2063 2274 Roma
2104 2211 2403 2292 patrem
2458 2211 2765 2292 patriae
2812 2207 3263 2274 Ciceronem

715 2317 966 2382 libera
1011 2317 1226 2382 dixit.
1301 2319 1534 2382 melius
1583 2337 1734 2400 ergo
1775 2321 1872 2382 est
1913 2319 1983 2380 ut
2022 2315 2263 2380 bellum
2306 2337 2341 2378 a
2380 2315 2573 2382 Sexto
2612 2317 2947 2400 Pompeio,
2992 2315 3265 2400 Pompei

713 2423 880 2506 filio,
927 2425 992 2488 in
1033 2421 1248 2488 Siculo
1295 2423 1466 2488 freto
1513 2427 1770 2508 gestum
1821 2421 2227 2504 accipiamus,
2304 2445 2455 2486 nam
2496 2423 2709 2488 occiso
2746 2427 2935 2506 patre
2974 2421 3263 2488 Siciliam

715 2529 926 2594 tenuit
981 2535 1046 2594 et
1101 2529 1388 2594 collectis
1449 2529 1596 2594 inde
1651 2529 1936 2594 servitiis
1990 2529 2275 2594 vastavit
2330 2551 2441 2592 sex
2496 2529 2689 2592 annis
2742 2531 2917 2594 ultro
2972 2515 3261 2612 citroque

717 2635 1026 2720 Siciliam,
1083 2641 1310 2720 postea
1361 2639 1572 2702 victus
1627 2641 1728 2700 est
1775 2637 1854 2700 ab
1905 2635 2205 2720 Augusto
2254 2641 2321 2704 et
2362 2637 2685 2722 Agrippa:
2752 2637 3067 2700 Horatius
3126 2637 3265 2700 mi—

715 2747 944 2808 natus
989 2745 1164 2808 urbi
1215 2745 1494 2828 vincla,
1553 2765 1738 2826 quae
1789 2743 2241 2808 detraxerat
2292 2745 2533 2810 servis
2584 2743 2869 2808 amicus
2920 2741 3265 2830 perfidis·

719 2853 780 2914 et
827 2852 952 2915 hoc
995 2873 1192 2916 sensu
1235 2855 1370 2916 tam
1421 2853 1634 2916 ‘arma
1681 2847 1930 2934 impia',
1986 2833 2181 2932 quam
2226 2847 2697 2916 ‘dominorum'
2744 2851 3045 2934 congruit
3100 2871 3265 2914 com-

717 2961 1116 3024 memoratio.

893 3067 1038 3130 614.
1113 3083 1394 3132 POENAM
1445 3081 1858 3130 EXPECTANT
1917 3065 2089 3146 quod
2142 3069 2403 3146 gravius
2462 3069 2587 3130 est:
2644 3087 2797 3130 nam
2848 3065 2919 3128 in
2974 3069 3263 3150 expecta-

717 3173 890 3236 tione
941 3177 1004 3236 et
1053 3195 1356 3258 praesens
1403 3173 1612 3236 metus
1661 3171 1758 3234 est
1809 3173 1870 3234 et
1917 3171 2101 3234 dolor
2142 3171 2431 3260 futurus,
2494 3175 2561 3238 in
2602 3175 2745 3256 ipsa
2794 3175 3011 3236 autem
3058 3195 3267 3254 poena

717 3281 890 3344 solus
939 3285 1038 3346 est
1089 3279 1284 3344 dolor.

897 3387 1044 3450 615.
1119 3371 1356 3450 FORMA
1411 3403 1614 3450 νικος
1679 3387 1750 3450 id
1803 3389 1890 3450 est
1941 3405 2129 3450 causa
2190 3387 2467 3454 criminis
2518 3387 2611 3452 vel
2676 3387 2923 3472 regula:
2988 3385 3265 3470 singulis

719 3495 888 3558 enim
941 3493 1288 3570 sceleribus
1347 3497 1500 3558 sunt
1557 3495 1804 3556 statuta
1851 3489 2165 3572 supplicia
2212 3513 2289 3560 ex
2334 3515 2509 3558 more
2558 3493 2881 3576 Romarm,
2938 3513 3125 3576 quem
3176 3513 3267 3556 se-

719 3599 954 3684 quitur.

897 3707 1042 3768 616.
1121 3723 1354 3772 SAXVM
1389 3721 1648 3772 INGENS
1689 3691 2019 3768 VOLVVNT
2056 3721 2205 3768 ΑΒΗ
2242 3705 2593 3790 Sisyphum
2632 3705 2819 3788 dicit,
2856 3705 2965 3788 qui
3004 3705 3267 3768 deorum

863 3925 928 3972 10
965 3919 1252 3990 Horatius]
1293 3937 1378 3990 ep.
1419 3925 1470 3988 9,
1509 3923 1576 3970 17
1619 3917 1638 3984 ΙΙ
1703 3919 1762 3968 18
1803 3911 2095 3984 Horatius]
2134 3931 2221 3984 ep.
2260 3929 2311 3990 9,
2350 3921 2379 3968 9

861 4121 892 4168 2
933 4115 1134 4182 quibus
1169 4113 1456 4184 ignorauit
1491 4113 1534 4168 S
1561 4115 1580 4182 ss
1617 4111 1979 4178 susceperunt
2014 4107 2131 4162 FO
2160 4113 2181 4180 ΙΙ
2222 4117 2251 4164 3
2294 4131 2349 4172 se
2386 4115 2611 4184 quidem
2650 4115 2767 4170 FC
2798 4117 2817 4186 ΙΙ
2860 4121 2893 4168 4
2932 4113 3001 4168 ad
3040 4113 3177 4182 ipsis
3212 4113 3273 4168 F

721 4187 870 4254 apsis
909 4185 998 4256 011
1041 4185 1184 4238 dixit
1223 4185 1268 4238 0
1289 4189 1310 4254 ΙΙ
1355 4184 1528 4255 bella]
1571 4183 1660 4236 uel
1701 4197 1764 4234 ea
1801 4181 1930 4234 add.
1972 4179 2113 4232 MD
2144 4181 2163 4248 ΙΙ
2212 4187 2239 4232 5
2280 4187 2449 4258 quae]
2488 4203 2653 4252 quem
2694 4187 2737 4240 S
2770 4189 2791 4256 ss
2836 4189 3121 4254 acceptam
3160 4185 3215 4238 R

721 4255 918 4308 naenie
961 4257 1004 4308 O
1025 4257 1044 4322 ΙΙ
1075 4261 1108 4308 6
1143 4257 1446 4324 augustum
1485 4269 1764 4308 caesarem
1801 4251 1862 4302 F
1883 4251 1900 4318 ΙΙ
1933 4255 1963 4302 7
2002 4249 2151 4302 bella
2190 4249 2379 4312 ciuilia
2414 4257 2617 4308 ΕΗΓ
2638 4258 2655 4327 Η
2686 4257 3071 4310 tractauerunt
3104 4255 3221 4310 FO

723 4335 752 4380 8
789 4325 950 4392 angit
979 4325 1098 4380 FO
1115 4327 1134 4394 ΙΙ
1165 4331 1234 4378 10
1269 4327 1590 4394 persecutus
1617 4323 1662 4376 S
1719 4319 2091 4400 consequutus
2116 4319 2179 4372 F
2204 4323 2221 4390 ΙΙ
2248 4327 2431 4380 adhuc
2460 4325 2533 4378 M
2554 4329 2573 4397 ΙΙ
2600 4327 2875 4380 frebentes
2906 4329 2975 4380 H
2992 4329 3011 4398 ss
3046 4333 3105 4380 11
3138 4329 3269 4398 equi

723 4395 958 4450 ASFO
977 4399 996 4466 ΙΙ
1031 4395 1190 4464 fecit]
1233 4413 1332 4452 om.
1369 4395 1504 4460 AS,
1539 4395 1626 4448 fec
1667 4391 1718 4446 Ο
1747 4393 1762 4460 ΙΙ
1809 4395 1872 4442 12
1911 4391 1983 4460 sl]
2024 4407 2087 4444 se
2122 4391 2191 4444 H
2198 4389 2243 4446 G
2262 4397 2281 4465 ΙΙ
2320 4397 2491 4464 quod]
2530 4397 2665 4464 quia
2704 4399 2761 4452 F
2786 4402 2803 4471 Ι]
2850 4407 2911 4454 13
2950 4401 3081 4472 fuit]
3120 4401 3265 4454 unde

723 4467 942 4520 Tullius
985 4467 1336 4522 ‘dominante
1371 4465 1546 4534 Sylla’
1593 4465 1720 4518 add.
1749 4461 2067 4516 Fabricius.
2110 4463 2179 4528 cf.
2218 4463 2281 4518 de
2320 4467 2407 4532 off.
2440 4467 2491 4518 Π
2520 4473 2605 4536 14,
2632 4477 2701 4524 51
2740 4471 2959 4528 ‘contra
2984 4473 3051 4528 L.
3082 4471 3271 4526 Sullae

725 4539 1060 4592 dominantis
1097 4539 1242 4606 opes'
1269 4541 1290 4606 ΙΙ
1321 4535 1648 4592 dicebantur
1679 4575 1692 4586 .
1715 4575 1728 4586 .
1749 4571 1762 4584 .
1791 4533 2011 4612 patrem
2046 4533 2263 4600 patriae
2302 4553 2397 4594 om.
2422 4537 2479 4590 R
2504 4539 2521 4608 Η
2552 4539 2771 4596 domine
2812 4543 2879 4596 H
2900 4545 2919 4614 [Ι
2950 4551 3015 4598 14
3052 4545 3265 4614 patrem

723 4625 822 4662 om.
863 4609 922 4660 F
963 4613 984 4678 ΙΙ
1027 4609 1354 4664 Ciceronem
1389 4607 1580 4686 libera.
1607 4603 1768 4672 dixit]
1811 4621 1856 4658 c.
1893 4603 1930 4656 l.
1972 4619 2005 4656 1.
2046 4603 2099 4658 d.
2140 4603 2191 4656 G
2220 4605 2239 4672 ΙΙ
2288 4613 2353 4666 15
2392 4611 2551 4682 ergo]
2592 4629 2689 4684 erg
2728 4617 2773 4670 0
2826 4617 2971 4676 enim
3010 4615 3087 4670 M
3120 4617 3139 4686 ΙΙ
3188 4619 3271 4672 est

711 4697 822 4734 ⁴·om.
851 4679 894 4732 0
915 4683 936 4746 ΙΙ
967 4683 1116 4736 sesto
1153 4681 1218 4734 F
1225 4683 1268 4736 Ο
1289 4683 1308 4752 ΙΙ
1339 4695 1586 4750 pompen
1619 4675 1688 4728 H
1709 4677 1728 4742 ΙΙ
1755 4679 1822 4728 16
1857 4673 2065 4756 fretum
2092 4675 2203 4728 AS
2238 4677 2393 4742 (corr.
2426 4681 2513 4748 as)
2544 4687 2565 4752 ΙῙ
2594 4689 2793 4740 occisio
2826 4689 2885 4742 F
2938 4689 3141 4744 occisso
3184 4689 3269 4760 01}

731 4755 788 4802 17
831 4749 978 4804 ultro
1017 4752 1290 4823 citroque]
1331 4751 1594 4816 ultroque
1633 4745 1720 4814 011
1761 4751 1828 4798 18
1865 4745 2101 4826 Ulnsstus·
2124 4745 2185 4796 F
2210 4746 2227 4812 11
2268 4757 2335 4806 19
2370 4749 2597 4810 uincula
2632 4757 2749 4812 FO
2776 4762 2797 4830 fl
2840 4759 3179 4814 distraxerat
3214 4755 3273 4814 F

723 4819 1030 4872 ditraxerat
1069 4821 1156 4890 Cu
1185 4827 1254 4876 20
1291 4839 1484 4876 seruus
1521 4817 1720 4886 F1122
1759 4815 1906 4882 (IUOd
1945 4831 2169 4882 gl’aVfflS
2210 4821 2295 4872 est
2332 4835 2431 4874 om.
2464 4825 2593 4894 AS,
2630 4833 2719 4884 est
2752 4847 2855 4884 om.
2880 4833 2955 4886 F.
2994 4833 3145 4902 quod
3184 4837 3269 4888 est

723 4889 948 4958 grauius
987 4891 1038 4944 R
1067 4895 1088 4960 ΙΙ
1125 4899 1190 4944 26
1233 4895 1256 4944 1
1291 4911 1358 4946 ex
1393 4905 1546 4946 more
1587 4901 1814 4942 romano
1855 4903 2017 4952 <luem
2060 4885 2309 4954 Sequstur
2344 4905 2473 4946 nam
2508 4913 2725 4956 morem
2758 4919 3053 4958 romanum
3090 4905 3267 4974 sequi-

723 4965 816 5014 tur
855 4959 930 5014 M
965 4963 1010 5026 (f
1047 5001 1058 5012 .
1093 5003 1104 5016 .
1135 5003 1146 5016 .
1187 4979 1356 5030 quem
1389 4961 1638 5032 sequitur
1665 4961 1794 5028 post
1831 4957 2185 5036 deleta-sunt)
2222 4957 2239 5024 ΙΙ
2280 4977 2449 5032 quem
2484 4971 2737 5040 sequitur
2770 4993 2871 5034 om.
2914 4975 2963 5032 0
2994 4977 3013 5048 ΙΙ
3070 4983 3137 5034 28
3176 4999 3265 5034 vo-

723 5049 858 5086 mm*
885 5029 1002 5084 FO
1019 5032 1038 5099 ΙΙ
1065 5031 1382 5100 sisipphum
1407 5033 1468 5088 R
1519 5029 1812 5100 SiXS'Phum
1843 5025 1908 5080 Η
1927 5029 1948 5096 ΙΙ
1976 5025 2169 5080 ‹heunt
2196 5027 2251 5080 A
2290 5031 2451 5104 (diost
2476 5055 2525 5094 a.
2584 5061 2695 5100 Am
2730 5009 2915 5106 inoneo
2946 5053 3269 5108 minusculis

725 5103 918 5158 litteris
951 5105 1218 5172 scriptum
1255 5121 1362 5160 esse
1395 5107 1458 5158 in
1495 5103 1570 5168 A)
2722 5123 2743 5240 l

2708 5241 2725 5286 f
