3900 5784
1319 593 1548 648 COMM.
1585 591 1668 648 IN
1701 591 1916 648 VERG.
1954 589 2125 646 AEN.
2162 589 2237 644 VI
2276 593 2573 646 789—806.
3098 577 3223 642 113

671 757 1038 840 signiferi
1093 755 1412 840 regione
1467 753 1660 840 poli,
1719 757 1878 820 nisi
1933 757 2241 840 poplite
2298 755 2519 840 lapso
2572 753 2857 844 ,ultima
2914 743 3223 814 curvati

667 861 1128 946 procederet
1173 863 1460 946 ungula
1507 861 1734 924 tauri.

845 967 988 1032 797.
1065 985 1406 1044 TORQVET-
1435 965 1728 1032 sustinet.
1907 987 2151 1034 APTVM
2206 969 2517 1054 vicinum,
2574 973 2649 1034 ut
2702 967 2981 1034 diximus
3026 985 3223 1050 supra

669 1073 806 1158 <IV
853 1073 1050 1158 482).
2036 1159 2039 1164 Ι

843 1181 990 1246 798.
1061 1197 1190 1246 IAM
1235 1199 1420 1248 anc
1463 1197 1554 1246 ΕΤ
1605 1197 1848 1246 GAsPIA
1893 1197 2133 1244 REGNA
2174 1179 2335 1246 fines
2376 1181 2821 1266 Assyriorum,
2868 1183 2935 1246 in
2986 1181 3219 1268 quibus
3250 1189 3281 1238 5

667 1291 816 1352 sunt
861 1283 1066 1352 πύλαι
1113 1287 1406 1372 Caspiae.
1497 1289 1664 1374 quod
1719 1291 1934 1352 autem
1994 1287 2151 1350 dicit
2206 1309 2427 1350 verum
2488 1291 2613 1350 est:
2668 1311 2825 1352 nam
2886 1293 2951 1352 et
2998 1287 3223 1352 Sueto-

663 1395 804 1460 nius
855 1397 946 1460 ait
991 1397 1062 1460 in
1111 1397 1244 1462 vita
1291 1377 1646 1462 Ca⁰eSarum
1691 1393 1800 1478 <11
1847 1395 2007 1480 94),
2064 1415 2381 1478 responsa
2430 1415 2573 1458 esse
2630 1395 2785 1460 data
2838 1417 2953 1478 per
3008 1399 3223 1459 totum

665 1503 914 1588 orbem,
955 1505 1140 1568 nasei
1185 1503 1502 1568 invictum
1545 1503 2023 1584 imperatorem.

693 1615 696 1618 ’
845 1609 990 1674 799.
1063 1627 1382 1674 ΜΑΕΟΤΙΑ
1425 1623 1692 1672 TELLVS
1743 1605 2035 1692 Scythia,
2082 1605 2263 1670 ouius
2308 1607 2499 1688 palus
2546 1609 2647 1670 est
2688 1605 2987 1672 Maeotis.

839 1717 986 1782 800.
1061 1733 1390 1780 TVRBANT
1433 1713 1800 1778 turbantur.
2008 1731 2527 1778 sEPTEMeEMINI
2572 1713 2791 1776 autem
2840 1695 3221 1796 septemflui.
3258 1725 3327 1774 10

837 1825 986 1890 802.
1059 1801 1346 1888 ῈᾸῙΧΕΒΙΤ
1387 1839 1792 1886 AERIPEDEM
1829 1839 2111 1902 CERVAM
2144 1843 2265 1906 pro
2304 1821 2737 1906 ‘aeripedem'.
2806 1821 2969 1886 vicit
3004 1829 3223 1886 autem

663 1929 1006 2014 Cerynitin
1053 1953 1336 2014 cervam,
1383 1929 1626 1994 dietam
1671 1951 1710 1992 a
1757 1930 1918 1994 1000.
1996 1927 2255 1992 ‘fixerit'
2300 1933 2521 1994 autem
2566 1929 2897 2012 statuerit,
2940 1929 3219 1992 delassa-

659 2037 838 2102 verit.
1045 2023 1452 2102 ERYMANTHI
1509 2053 1806 2100 PACARIT
1869 2053 2161 2100 NEMORA
2228 2057 2411 2100 mons
2476 2037 2821 2120 Arcadiae,
2884 2035 3001 2100 ubi
3064 2057 3223 2118 aper

659 2143 1096 2210 ferocissimus
1143 2143 1284 2210 fuit.

835 2251 984 2316 803.
1057 2269 1348 2334 LERNAM
1395 2267 1938 2316 TREMEFEGERIT
1990 2267 2169 2316 Anov
2230 2271 2351 2334 pro
2402 2249 2615 2334 hydra
2654 2249 2963 2334 paludem
3008 2249 3219 2334 ipsam
3258 2259 3325 2310 15

657 2359 898 2444 posuit.
991 2363 1056 2424 et
1113 2361 1568 2444 intellegamus
1639 2365 1788 2424 ante
1855 2379 1999 2434 eam
2060 2357 2323 2442 sagittis
2388 2357 2589 2422 fuisse
2654 2357 3005 2442 confixam,
3068 2359 3223 2438 post

661 2469 982 2532 exsectam
1031 2469 1100 2530 et
1149 2465 1462 2532 adustam.
1996 2489 1999 2492 ⁴

835 2573 984 2638 805.
1057 2591 1284 2640 NYSAE
1341 2593 1434 2640 DE
1493 2589 1790 2640 VERTICE
1857 2595 2041 2636 mons
2116 2575 2215 2636 est
2266 2571 2515 2654 Indiae,
2582 2571 2657 2634 de
2722 2595 2851 2656 quo
2908 2569 3219 2654 loquitur.

657 2685 938 2746 ceterum
997 2685 1098 2744 est
1151 2685 1216 2744 et
1261 2679 1446 2766 Nysa
1503 2679 1790 2766 civitae,
1821 2681 1894 2744 in
1947 2701 2077 2764 qua
2122 2679 2317 2742 Liber
2374 2679 2633 2762 colitur,
2692 2677 2861 2742 unde
2912 2673 3217 2760 Nysaeus

657 2787 868 2852 dietus
915 2791 1032 2852 est.
3036 2787 3041 2790 ’
3252 2793 3325 2842 20

833 2895 982 2958 806.
1053 2913 1146 2958 ΕΤ
1205 2911 1614 2960 DVBITAMVS
1675 2915 1794 2976 pro
1855 2889 2207 2958 ‘dubitas'z
2272 2891 2539 2956 miscuit
2602 2911 2949 2976 personam
3012 2913 3219 2958 suam.

655 3003 756 3064 est
815 3003 1032 3064 autem
1095 3023 1348 3066 sensus:
1413 3021 1558 3066 eum
1621 2999 1742 3064 tibi
1795 2997 1884 3062 sit
1935 3001 2125 3062 tanta
2180 3019 2253 3062 ex
2294 2997 2605 3062 Romanis
2654 3003 2717 3060 et
2756 2997 3091 3080 praecipue
3140 3019 3219 3062 ex

655 3111 934 3190 Auyusto
981 3111 1374 3192 praeparata
1413 3105 1794 3190 posteritas,
1845 3105 2107 3170 dubitas
2150 3105 2463 3168 virtutem
2506 3103 2699 3168 factis
2740 3105 3105 3186 extendere,
3148 3103 3217 3168 id

657 3217 758 3276 est
801 3213 1124 3298 gloriam?
1179 3219 1292 3280 aut
1339 3219 1434 3280 est
1485 3211 1722 3298 aliquis
1767 3213 1997 3298 timor,
2044 3213 2155 3296 qui
2194 3215 2259 3276 te
2296 3235 2339 3276 a
2372 3213 2595 3298 regnis
2632 3211 2865 3278 Italiae
2908 3211 3215 3278 revocet?

799 3357 868 3406 10
915 3373 1154 3408 wasme:
1191 3353 1512 3424 turbantur]
1561 3353 1632 3408 of.
1667 3351 1810 3408 Don.
1851 3351 1922 3406 ad
1964 3355 2087 3406 Ter.
2124 3353 2247 3408 heo.
2284 3351 2363 3406 IV
2398 3357 2453 3420 4,
2494 3357 2557 3406 12
2614 3353 2633 3422 ΙΙ
2694 3357 2755 3408 18
2792 3369 2953 3408 mons
2990 3349 3079 3408 est
3112 3393 3125 3408 .
3154 3393 3169 3406 .
3204 3395 3217 3408 .

653 3421 838 3480 dictus
879 3423 988 3494 est]
1029 3439 1206 3504 exsor.
1241 3423 1374 3478 Isid.
1411 3441 1490 3480 or.
1529 3423 1662 3478 VHI
1701 3429 1786 3492 11,
1827 3427 1896 3476 44

797 3555 824 3600 1
869 3547 992 3618 poli
1023 3549 1158 3620 nisi]
1197 3549 1414 3620 poligni
1453 3549 1502 3602 si
1535 3547 1644 3618 ΗΠ
1679 3547 1860 3616 polite
1893 3547 1967 3600 H
1986 3549 2005 3618 ΙΙ
2028 3549 2217 3618 lapso]
2254 3547 2395 3602 flexo
2434 3547 2491 3600 R
2542 3547 2707 3600 labso
2748 3545 2795 3600 0
2818 3549 2837 3618 ΙΙ
2866 3547 3085 3602 curbati
3122 3545 3169 3600 O
3214 3545 3219 3618 Ι

651 3625 680 3672 2
719 3619 1024 3690 procedere
1059 3621 1122 3674 et
1149 3621 1206 3674 R
1245 3619 1670 3690 (procederet-r)
1701 3621 1722 3686 ΙΙ
1755 3623 1786 3672 5
1827 3639 1924 3672 IAM
1954 3639 2091 3674 nvnc
2118 3639 2185 3672 ΕΤ
2226 3635 2323 3672 om.
2348 3617 2465 3672 AO
2486 3621 2503 3690 ss
2530 3619 2853 3672 assiriorum
2878 3619 3015 3672 ΑΗ
3020 3619 3097 3672 Μ
3104 3617 3165 3672 F

645 3689 666 3762 Η
705 3695 738 3744 6
775 3705 942 3744 nram
979 3689 1034 3744 A
1093 3711 1214 3746 ιπΛῙ
1251 3691 1306 3744 R
1365 3709 1518 3744 πῙΛΑῙ
1551 3707 1632 3744 ar
1657 3691 1676 3760 ΙΙ
1707 3689 1991 3744 soetonius
2026 3691 2091 3744 F
2140 3689 2375 3744 sitonins
2416 3689 2503 3758 011
2546 3695 2577 3744 7
2616 3691 2723 3770 ait]
2762 3689 2897 3744 dicit
2934 3689 2989 3744 R
3016 3692 3033 3761 ΙΙ
3072 3689 3217 3761 vita]

647 3763 774 3816 utta
813 3761 864 3816 Ο
885 3763 904 3833 ΙΙ
943 3763 1180 3816 caesaris
1219 3763 1290 3828 R,
1331 3763 1644 3828 Stephanus
1677 3765 1732 3812 et
1765 3761 1977 3816 Daniel
2000 3763 2019 3830 ΙΙ
2062 3761 2197 3814 data
2236 3777 2353 3814 esse
2394 3761 2473 3814 M
2494 3761 2511 3830 ss
2560 3767 2591 3812 9
2628 3759 2867 3832 selthiea
2900 3759 2959 3814 R
3012 3759 3221 3814 schitia

651 3831 714 3886 H
767 3831 1026 3900 scythica
1063 3833 1140 3884 M
1161 3835 1178 3902 ΙΙ
1223 3831 1374 3888 onias
1409 3831 1476 3884 F
1497 3831 1512 3902 [Ι
1555 3833 1644 3884 est
1677 3831 1842 3898 palus
1881 3831 1926 3884 O
1960 3831 1979 3900 11
2018 3831 2257 3884 maeotis
2294 3831 2383 3884 est
2416 3831 2479 3882 F
2512 3833 2527 3900 [Ι
2580 3835 2643 3884 10
2684 3831 3071 3884 disturbantur
3106 3831 3169 3884 F
3202 3831 3221 3904 ΙΙ

651 3903 842 3956 autem
879 3917 980 3958 o‘m..
1005 3901 1066 3954 F
1089 3903 1110 3972 ΙΙ
1135 3903 1450 3972 septemflui
1479 3899 1672 3954 ΑΒΜ
1685 3921 1698 3954 2
1741 3901 2117 3972 septemfluuii
2142 3899 2331 3956 RFG
2370 3903 2587 3970 septem
2614 3901 2799 3954 fluuiis
2830 3901 2899 3954 H
2916 3903 2937 3972 ss
2968 3907 3027 3954 11
3070 3903 3221 3956 seho-

651 3975 790 4028 liwm
827 3973 902 4028 ad
939 3991 1152 4026 lesnrr
1177 3993 1230 4026 A.
1257 3993 1302 4026 c.
1343 3991 1440 4028 om,
1477 3969 1524 4026 O
1543 3973 1562 4042 ΙΙ
1593 3991 1882 4026 Asmrmnu
1905 3971 1967 4026 A
1992 3973 2009 4042 ΙΙ
2034 3987 2137 4042 pro
2176 3971 2495 4040 aeripedem
2532 3987 2633 4028 om.
2662 3973 2733 4026 H
2752 3975 2769 4042 ΙΙ
2812 3971 3117 4042 aeripidem
3144 3973 3223 4026 M

649 4043 668 4116 ss
725 4043 1068 4116 aeripedem]
1131 4037 1538 4112 ἒπισυναλοιφή
1595 4043 1722 4098 add.
1761 4041 2065 4098 Fabricius
2110 4045 2125 4114 [Ι
2184 4048 2251 4098 12
2288 4041 2587 4112 Cerynitim
2620 4043 2735 4098 AS
2796 4041 3057 4098 cerinitin
3094 4043 3229 4098 RH

651 4115 926 4184 oerinytin
963 4119 1034 4170 M
1085 4115 1392 4186 cerynytim
1427 4113 1494 4168 F
1529 4115 1548 4184 ΙΙ
1605 4115 1756 4186 loco]
1803 4131 1864 4170 re
1899 4131 2035 4170 uera
2068 4131 2299 4180 ,ceruam
2346 4115 2467 4184 ipse
2506 4131 2669 4170 eursu
2710 4113 3017 4184 superauit,
3074 4131 3219 4184 quae

653 4185 952 4242 uidebatur
981 4203 1170 4242 aereos
1199 4187 1370 4256 pedes
1401 4185 1816 4252 haberaunde
1855 4185 1953 4242 ille
1996 4187 2131 4240 ‘non
2158 4201 2383 4240 ceruam
2412 4185 2707 4256 aeripedes
2736 4185 2881 4258 (siet)
2920 4185 3217 4254 eripuisse'

651 4259 780 4314 add.
819 4257 1124 4312 Fabricius
1165 4259 1186 4326 ΙΙ
1241 4255 1632 4326 delassaverit]
1681 4257 2035 4312 dilassauerit
2074 4257 2185 4310 AS
2194 4257 2251 4312 R
2260 4257 2331 4310 H
2338 4257 2503 4324 MD,
2548 4275 2647 4314 om.
2676 4257 2761 4312 F.
2836 4259 2931 4314 uel
2978 4257 3111 4326 quia
3156 4275 3217 4312 se
3308 4277 3311 4280 ⁴

559 4365 570 4374 -
651 4331 774 4400 (leq.
801 4329 874 4398 si)
907 4329 1026 4382 telo
1065 4327 1278 4384 fixisset
1311 4347 1424 4384 non
1463 4329 1544 4384 ita
1585 4331 1734 4382 esset
1765 4329 2053 4382 laudabile
2094 4329 2223 4384 add.
2244 4329 2305 4380 D
2332 4331 2351 4400 ΙΙ
2380 4335 2445 4382 13
2480 4347 2617 4384 nons
2650 4329 2701 4382 0
2722 4331 2737 4400 ss
2764 4329 3067 4384 archadiae
3098 4329 3219 4384 AR

651 4399 910 4456 acradiae
949 4401 1036 4454 est
1077 4399 1162 4470 011
1191 4407 1258 4456 15
1293 4417 1708 4454 ranunsncsm'r
1739 4401 1812 4452 M
1821 4399 1882 4452 F
1911 4401 2073 4466 (corr.
2104 4403 2177 4464 m)
2206 4401 2227 4472 ΙΙ
2250 4399 2375 4456 idra
2410 4401 2483 4454 H
2530 4401 2671 4470 ydra
2704 4399 2819 4454 FO
2840 4403 2857 4472 ΙΙ
2888 4405 2955 4454 16
2992 4401 3219 4456 anteam

657 4471 702 4528 G
723 4473 744 4542 ΙΙ
771 4477 838 4526 17
879 4473 1134 4538 exeetam
1161 4473 1282 4526 Rm
1335 4473 1624 4526 execatam
1653 4471 1730 4524 M
1773 4471 2051 4526 exsestam
2084 4471 2169 4542 011
2200 4473 2479 4526 adinstam
2506 4473 2577 4526 H
2596 4473 2615 4542 n
2644 4479 2713 4526 18
2748 4487 2901 4524 nisu:
2932 4471 3049 4524 AR
3062 4473 3127 4524 H
3134 4469 3181 4524 Ο
3202 4471 3223 4544 u

657 4551 722 4598 19
761 4543 820 4596 et
857 4559 956 4600 om.
997 4543 1058 4596 F
1101 4545 1122 4610 ΙΙ
1171 4545 1296 4596 nisa
1331 4543 1468 4598 RH
1513 4541 1668 4596 nisae
1713 4541 1786 4596 M
1829 4543 1848 4610 ΙΙ
1899 4541 2107 4596 civitas
2144 4585 2155 4596 .
2192 4587 2203 4598 .
2236 4585 2249 4596 .
2286 4543 2475 4598 dictus
2510 4545 2619 4614 est]
2664 4545 2731 4596 ut
2764 4541 2873 4596 feri
2910 4541 3063 4596 eides
3100 4545 3219 4614 (leq.

653 4613 1024 4684 Pherecydes)
1061 4615 1144 4668 ait
1177 4613 1240 4668 in
1267 4613 1464 4670 boetia
1499 4613 1620 4680 (leq.
1647 4613 1904 4680 Boeotia)
1943 4611 2003 4666 in
2028 4629 2141 4680 qua
2170 4611 2375 4670 colitur
2410 4613 2557 4668 liber
2592 4615 2755 4682 pater
2788 4609 2941 4666 unde
2978 4629 3117 4680 nysa
3152 4629 3223 4668 ea

653 4687 836 4740 dietus
877 4689 964 4740 est
999 4683 1062 4740 F
1085 4687 1104 4755 ΙΙ
1139 4683 1362 4756 civitas]
1399 4701 1500 4740 om.
1543 4683 1614 4752 0,
1649 4683 1710 4738 in
1745 4685 1936 4738 monte
1974 4699 2243 4754 parnasso
2280 4685 2407 4740 add.
2448 4685 2507 4738 D
2532 4685 2555 4752 ΙΙ
2596 4683 2765 4738 Liber
2800 4699 2901 4738 om.
2946 4683 2989 4738 Ο
3010 4687 3031 4752 ΙΙ
3074 4685 3221 4740 unde

655 4761 714 4812 et
751 4757 826 4812 M
859 4759 878 4828 ΙΙ
909 4773 1120 4826 nyseus
1153 4755 1212 4810 A
1263 4755 1450 4812 niseus
1485 4755 1554 4810 H
1603 4755 1828 4810 nisaeus
1867 4755 1944 4806 M
1992 4751 2243 4810 nisaeius
2282 4755 2333 4808 0
2360 4756 2379 4822 ll
2426 4761 2493 4806 23
2530 4751 2841 4822 poster-itus
2874 4755 2945 4806 H
2974 4757 2993 4824 ΙΙ
3028 4757 3219 4808 exten-

657 4827 814 4898 dere]
855 4827 1148 4896 ostendere
1175 4827 1234 4880 R
1257 4827 1278 4896 ΙΙ
1305 4833 1374 4882 24
1401 4825 1662 4896 gloriam]
1707 4827 1776 4880 ab
1815 4841 1880 4878 eo
1917 4823 2071 4894 quod
2106 4825 2395 4894 praeeedit
2422 4825 2497 4878 ad
2530 4823 2595 4876 id
2620 4823 2771 4890 quod
2802 4825 3055 4894 sequitur
3086 4841 3221 4878 nam

655 4917 684 4954 e
725 4899 936 4954 uirtute
975 4899 1158 4968 gloria
1193 4899 1444 4954 nascitur
1479 4899 1608 4954 add.
1643 4899 1708 4952 D
1743 4899 1760 4966 ΙΙ
1807 4895 1906 4950 aut
1943 4895 2049 4966 est]
2092 4899 2191 4950 aut
2230 4899 2377 4950 certe
2416 4897 2503 4950 est
2540 4893 2593 4948 G
2626 4895 2645 4964 ΙΙ
2694 4911 2729 4948 a
2764 4911 2865 4950 om.
2902 4895 3097 4952 ΒΕΘ.
3154 4897 3223 4950 in

655 4971 816 5024 editis
855 4971 1254 5040 exemplaribus
1287 4971 1390 5024 aut
1425 4971 1512 5024 est
1547 4967 1754 5038 aliquis
1785 5007 1796 5020 .
1823 5009 1836 5022 .
1855 5007 1870 5020 .
1899 4969 2129 5022 revocet
2166 4967 2239 5022 ab
2272 4967 2353 5020 eis
2386 4983 2527 5034 quae
2554 4967 2895 5034 praecedunt
2920 4985 3023 5022 Avr
3050 4983 3219 5022 κεῖνα

653 5041 832 5096 verbis
859 5057 970 5110 pro
1005 5043 1248 5094 lemmate
1281 5041 1620 5112 interpositis
1651 5041 1912 5110 separata
1947 5041 2081 5092 sunt

761 5139 910 5182 Servii
937 5151 1102 5178 comm.
1125 5139 1230 5178 Vol.
1255 5139 1320 5178 11.
1351 5141 1480 5178 Fasc.
1507 5135 1544 5176 Ῑ-
2758 5133 2791 5182 8
