3900 5784
735 663 862 728 176
1885 651 2129 712 SERVH

725 827 898 892 bello
933 825 1132 888 Marii
1165 823 1536 908 †bardeUS,
1559 821 1644 888 in
1677 819 1896 888 Sullae
1923 821 2161 906 Apollo
2204 819 2587 908 Delphica-st,
2620 825 2689 888 in
2730 819 3023 890 Caesaris
3056 823 3275 890 Venus

721 931 1048 996 Genetrix

897 1037 1042 1102 638.
1119 1053 1458 1102 TREPIDVS
1507 1035 1804 1118 festinu8‚
1855 1059 2029 1100 more
2080 1057 2217 1100 suo·

891 1145 1038 1208 640.
1101 1161 1410 1208 LORIOAM
1439 1161 1782 1208 INDVITVR
1813 1143 2083 1206 dicimus
2116 1147 2179 1206 et
2212 1143 2465 1208 ‘induor
2488 1143 2605 1208 illa
2628 1143 2725 1208 re'
2758 1149 2827 1208 et
2854 1143 3059 1208 ‘illam
3088 1143 3267 1208 rem’.

641 1265 670 1312 5
891 1251 1034 1314 641.
1111 1267 1468 1316 HELIOONA
1513 1267 1700 1314 DEAE
1745 1249 2097 1332 Parnasu8,
2150 1271 2341 1314 mons
2386 1251 2787 1332 Thessaliae,
2846 1251 3151 1314 dividitur
3200 1251 3265 1312 in

707 1355 1164 1422 Cithaeronem
1209 1357 1430 1422 Liberi
1481 1357 1542 1420 et
1589 1353 1969 1419 Heliconem
2014 1353 2369 1440 Aponium,
2416 1357 2595 1420 cuius
2640 1359 2793 1418 sunt
2842 1377 3083 1420 musae.
3158 1359 3259 1420 est

705 1467 920 1530 autem
967 1461 1242 1530 Homeri
1281 1485 1524 1530 versus.
1707 1479 1993 1526 MOVETE
2036 1461 2277 1548 legitur
2326 1465 2389 1526 et
2436 1461 2773 1528 ‘monete'.

881 1573 1026 1636 644.
1105 1589 1356 1650 QVIBVS
1407 1587 1708 1634 ARSERIT
1759 1587 1991 1650 ARMIS*
2034 1573 2147 1632 aut
2212 1569 2627 1654 splenduerit:
2696 1571 2809 1632 aut
2866 1591 3089 1632 amore
3142 1569 3257 1632 fla-

699 1679 1006 1764 graverit.
2260 1739 2263 1742 ,

597 1799 658 1846 10
875 1785 1020 1850 647.
1095 1803 1350 1852 PRIMVS
1403 1803 1550 1850 ΙΝΙΤ
1605 1801 1892 1848 BELLVM
1960 1805 2091 1848 non
2152 1785 2387 1848 mirum
2424 1783 2509 1848 -si
2574 1783 2923 1868 sacrilegus
2980 1787 3047 1848 et
3100 1805 3251 1848 con-

691 1895 980 1976 temptor
1007 1893 1270 1956 deorum
1311 1899 1534 1956 contra
1571 1893 1746 1974 piam
1785 1893 2047 1974 gentem
2086 1891 2261 1974 prior
2296 1911 2477 1956 arma
2504 1889 2835 1974 corripuit.
2888 1891 2957 1954 et
2986 1891 3247 1956 scienda

687 2003 786 2062 est
849 2003 1082 2082 poetae
1147 1999 1498 2064 adfectatio
1559 2035 1632 2044 --
1695 2019 1848 2062 nam
1911 1999 2273 2080 ablepsiam
2330 1997 2509 2062 nefas
2576 2001 2673 2062 est
2730 1999 2941 2064 dicere
2994 2035 3079 2044 ——-
3138 1997 3245 2061 hic

685 2105 858 2168 enim
921 2105 1176 2188 aliquos
1243 2107 1736 2188 commemorat,
1803 2125 1965 2188 quos
2026 2103 2101 2166 in
2164 2103 2339 2168 bello
2402 2127 2537 2170 non
2602 2103 2881 2186 invenis,
2950 2103 3105 2168 item
3176 2103 3241 2166 in

681 2211 1104 2292 sequentibus
1149 2209 1398 2294 aliquos
1449 2209 1836 2292 iuvenilium,
1883 2231 2157 2292 quorum
2206 2211 2311 2274 hic
2356 2209 2605 2274 nullam
2650 2211 2809 2274 fecit
2852 2231 3237 2274 commemo-

579 2333 640 2380 15
677 2317 1016 2382 rationem.
1199 2331 1594 2380 TYRRHENIS
1637 2331 1858 2382 ASPER
1911 2331 2001 2378 AB
2062 2331 2221 2378 ORIS
2278 2313 2547 2378 oriundo
2596 2315 2867 2400 Tuscus,
2936 2337 3067 2380 non
3122 2315 3233 2400 qui

675 2445 848 2490 nunc
895 2423 974 2488 de
1017 2423 1250 2488 Tuscia
1297 2423 1500 2506 venit,
1549 2443 1738 2504 quem
1785 2423 1977 2486 antea
2020 2421 2283 2504 pulsum
2332 2445 2369 2486 a
2416 2421 2663 2486 civibus
2712 2425 2987 2486 constat.

853 2531 998 2594 648.
1075 2545 1488 2606 AGMINAQVE
1543 2545 1784 2592 ARMAT
1845 2529 1959 2592 aut
2010 2547 2263 2610 eorum,
2324 2511 2435 2610 qui
2488 2549 2635 2592 eum
2694 2527 2895 2592 secuti
2950 2529 3229 2610 fuerant,

671 2639 840 2702 sicut
891 2637 1030 2702 eius
1089 2637 1256 2700 filius
1277 2661 1300 2700 ε’
1353 2657 1472 2700 1166
1525 2633 1700 2698 enim
1755 2633 2063 2698 credibile
2116 2637 2219 2698 est
2272 2637 2479 2700 solum
2536 2635 2785 2718 fugisse
2836 2671 2909 2682 —-
2960 2657 3111 2698 nam
3166 2637 3229 2700 et

669 2743 918 2810 Statius
967 2745 1126 2808 dicit
1173 2745 1294 2808 vel
1351 2763 1536 2826 quos
1593 2745 1844 2806 movet
1899 2743 2075 2804 exul
2130 2745 2209 2804 et
2258 2741 2517 2806 haesit
2572 2741 2941 2806 tristibus
2998 2747 3225 2808 aucta

559 2867 626 2914 20
663 2853 864 2916 fides
915 2889 994 2898 —
1047 2853 1162 2916 aut
1209 2853 1376 2916 certe
1437 2869 1684 2932 eorum,
1743 2867 1906 2930 quos
1954 2847 2209 2916 Turnus
2266 2847 2557 2934 dederat,
2608 2853 2683 2912 ut
2726 2849 3049 2914 Adrastus
3092 2849 3219 2914 Po-
3328 2933 3335 2940 .

661 2959 860 3042 lynici
897 2959 968 3022 in
1005 2957 1246 3042 Statio,
1287 2957 1394 3042 qui
1449 2957 1542 3020 ait
1585 2977 1680 3018 ne
1723 2975 1963 3036 parva
2008 2977 2323 3020 movens
2366 2941 2751 3040 inglorius
2794 2979 3001 3020 arma
3048 2957 3215 3018 iret.

837 3065 984 3130 652.
1059 3081 1418 3128 AGYLLINA
1455 3065 1560 3126 EX
1583 3079 1766 3126 VRBE
1809 3063 1884 3126 de
1927 3059 2125 3126 Caere
2168 3063 2423 3146 oppido,
2596 3081 3017 3140 NEQVIQVAM
3064 3063 3215 3146 quia

653 3173 726 3236 in
771 3171 1020 3256 proelio
1069 3171 1262 3256 periit
1311 3191 1428 3234 nec
1473 3169 1752 3254 patrium
1805 3169 2049 3252 recepit
2092 3167 2455 3252 imperium.

797 3371 860 3418 11
903 3367 962 3418 et
997 3361 1226 3418 scienda
1261 3365 1350 3418 est
1385 3381 1434 3416 e.
1465 3381 1514 3432 q.
1551 3363 1614 3432 8.]
1657 3363 1722 3416 cf.
1761 3363 2005 3434 Macrob.
2050 3337 2165 3416 Sat.
2196 3363 2243 3414 V
2276 3369 2357 3428 15,
2390 3367 2561 3430 quq.
2590 3363 2611 3432 ΙΙ
2652 3369 2713 3416 19
2756 3361 2987 3430 Statius]
3030 3363 3203 3414 Theb.

645 3435 1146 3576 illss'lzgriilsseurggios
1175 3439 1364 3490 movet
1393 3435 1518 3488 exul
1551 3441 1604 3486 et
1633 3435 1776 3488 actis
1803 3433 2059 3490 tristibus
2092 3435 2263 3486 aucta.
2298 3435 2455 3532 fides’
2500 3437 2557 3486 et
2582 3439 2653 3488 82
2692 3435 2785 3486 ‘ne
2820 3449 2947 3486 rara
2974 3451 3203 3488 movens

791 3691 818 3738 1
867 3685 1018 3738 bello
1065 3683 1198 3738 ,ΕΗ
1203 3685 1278 3738 Μ
1285 3707 1300 3738 2
1347 3681 1588 3738 exercitu
1635 3681 1816 3736 SRF
1861 3685 1884 3750 ΙΙ
1941 3683 2177 3736 bardeus
2222 3681 2353 3738 libri
2396 3689 2611 3748 praeter
2650 3681 2735 3748 H,
2784 3685 2883 3750 qui
2926 3683 3195 3736 basclaeus

587 3801 602 3808 -
631 3759 882 3824 praebet:
945 3757 1058 3810 Lar
1105 3755 1236 3810 deus
1289 3755 1614 3820 Fabricim,
1663 3755 1808 3822 quod
1851 3753 1938 3808 W.
1966 3755 2047 3810 H.
2074 3753 2314 3808 Rosch-er
2348 3753 2501 3822 (ann.
2536 3753 2725 3822 philol.
2768 3753 2935 3808 CXIX
2968 3771 3029 3822 p.
3064 3759 3193 3822 347)

639 3829 900 3894 defendit.
941 3825 1108 3880 Liber
1135 3825 1270 3880 deus
1301 3825 1368 3882 F.
1391 3827 1704 3880 Schoellius.
1743 3827 1814 3892 cf.
1839 3825 1991 3880 Pliw.
2016 3843 2069 3882 n.
2088 3827 2143 3882 h.
2168 3823 2397 3878 XXXIII
2424 3831 2451 3888 ξ
2476 3831 2591 3892 150,
2644 3825 2761 3880 Vaz.
2786 3825 2947 3880 Max.
2970 3825 3049 3878 111·
3068 3833 3117 3892 6,
3146 3831 3191 3880 6.

637 3899 828 3954 malim
853 3897 1002 3952 Mars
1023 3897 1314 3954 Gradivus,
1341 3901 1362 3966 ΙΙ
1391 3897 1566 3968 syllae
1595 3897 1742 3960 libri,
1771 3897 1884 3952 nisi
1911 3899 2057 3966 quod
2082 3897 2245 3952 sillae
2268 3897 2325 3948 F
2348 3897 2369 3964 ΙΙ
2398 3901 2429 3948 4
2456 3897 2659 3948 induar
2676 3897 2729 3948 L
2758 3899 2775 3966 ΙΙ
2802 3897 2863 3948 et
2890 3897 3049 3950 illam
3072 3915 3193 3950 rem

639 3987 738 4024 om.
771 3969 904 4026 LII
935 3969 1084 4034 (add.
1113 3969 1154 4038 l)
1183 3971 1202 4038 ΙΙ
1239 3975 1272 4024 5
1311 3987 1542 4024 ELIOONA
1567 3969 1696 4022 LH
1703 3969 1778 4022 M
1803 3971 1818 4040 ΙΙ
1853 3987 2157 4038 parnassus
2184 3969 2329 4022 HM
2384 3967 2677 4036 parnasius
2712 3967 2777 4020 F
2798 3969 2815 4038 u
2844 3969 3193 4038 Thessaliae]

637 4041 864 4094 boetiae
903 4039 964 4092 F
985 4043 1004 4110 ΙΙ
1047 4047 1080 4094 6
1115 4041 1460 4096 chiteronem
1497 4039 1626 4094 LH
1651 4043 1672 4110 ΙΙ
1695 4037 1908 4110 Liberi]
1947 4039 2129 4110 patris
2170 4041 2295 4092 add.
2326 4037 2387 4090 F
2410 4041 2427 4106 ΙΙ
2452 4037 2717 4092 iliconam
2758 4041 2813 4092 11
2842 4041 2863 4108 ΙΙ
2904 4047 2931 4092 ’ἵ
2968 4041 3197 4092 Homeri

637 4113 848 4182 versus]
891 4111 1090 4164 ἔσπετε
1119 4111 1224 4164 νῦν
1253 4131 1348 4180 μοι
1379 4151 1392 4164 .
1419 4151 1430 4164 .
1453 4151 1464 4164 .
1493 4113 1750 4176 κοίρανοι
1781 4103 1924 4178 ἦσαν
1954 4111 2021 4176 (I
2024 4113 2055 4164 l.
2086 4111 2139 4163 ΙΙ
2170 4113 2273 4164 484
2290 4113 2419 4176 sqq.)
2446 4111 2677 4164 addit-ur
2700 4111 2863 4178 vulyo
2892 4113 2911 4178 ΙΙ
2934 4111 3197 4164 scholium

639 4185 714 4236 ad
749 4203 960 4236 novi-:rs
997 4199 1098 4236 61η.
1127 4181 1256 4234 LH
1293 4183 1440 4252 (add.
1473 4185 1516 4248 l)
1545 4185 1564 4250 ΙΙ
1589 4181 1830 4250 legimus
1857 4181 1904 4234 S
1915 4181 2057 4234 ΒΜ
2076 4185 2095 4248 ΙΙ
2126 4185 2161 4232 8
2196 4179 2565 4248 splendiderit
2598 4179 2663 4232 F
2680 4183 2699 4248 ΙΙ
2726 4181 3047 4250 flaglauerit
3080 4181 3149 4234 H
3180 4183 3197 4252 ΙΙ

639 4257 674 4304 9
723 4253 800 4306 ad
833 4269 880 4306 v.
925 4257 1028 4306 645
1065 4255 1126 4306 in
1163 4269 1332 4322 mary.
1379 4253 1530 4308 inter
1585 4267 1894 4306 memorare
1949 4257 2007 4304 et
2064 4251 2247 4308 dicere
2308 4253 2413 4304 hoc
2464 4251 2701 4308 interest
2754 4253 2903 4320 quod
2950 4251 3049 4306 ille
3102 4253 3199 4320 qui

637 4327 918 4376 memorat
951 4323 1290 4376 omnimodis
1327 4341 1492 4392 saepe
1533 4323 1768 4392 profert,
1807 4323 1904 4390 qui
1941 4321 2079 4376 dicit
2114 4341 2227 4376 non
2268 4323 2597 4378 omnimodis
2638 4341 2803 4392 saepe
2844 4323 2899 4374 T
2920 4325 2939 4392 ΙΙ
2980 4329 3049 4376 10
3084 4341 3197 4378 non

639 4395 842 4446 mirum
881 4437 894 4448 .
927 4435 938 4446 .
969 4437 982 4446 .
1023 4393 1296 4462 corripuit.
1323 4395 1634 4448 SRMF1:
1675 4411 1788 4448 non
1823 4393 2029 4446 mirum
2050 4395 2419 4462 contemptor
2452 4395 2647 4448 diuum
2682 4395 2987 4448 mezentius
3018 4395 3155 4448 LH
3182 4395 3199 4468 Η

639 4465 690 4518 si
727 4467 786 4518 et
821 4465 1122 4534 sacrilegus
1155 4467 1226 4518 M
1251 4467 1272 4534 ΙΙ
1305 4473 1362 4518 11
1397 4467 1594 4518 eontra
1617 4465 1776 4532 pium
1805 4463 2017 4532 primus
2048 4463 2121 4518 M
2142 4467 2163 4534 ss
2190 4471 2253 4518 12
2286 4463 2591 4534 ablepsiam
2624 4467 2729 4520 SR
2742 4467 2811 4518 H
2816 4487 2827 4518 e
2870 4467 3123 4518 ablesian
3150 4467 3201 4520 L

639 4535 894 4590 ablesian
927 4537 996 4590 M
1053 4535 1308 4604 alepsian
1333 4535 1394 4588 F
1431 4535 1506 4604 (id
1539 4537 1622 4588 est
1651 4533 1989 4590 obliuionem
2030 4537 2121 4590 uel
2162 4537 2575 4604 neglegentiam
2608 4553 2877 4606 sapei-ser.
2912 4539 2949 4604 2)
2988 4533 3197 4608 ‹iamv-

635 4607 764 4658 σιάν
803 4607 1106 4662 Fabricius
1141 4609 1164 4674 ΙΙ
1211 4611 1274 4660 13
1315 4605 1460 4660 enim
1499 4623 1596 4658 om.
1637 4605 1772 4658 LH
1803 4607 1948 4674 (add.
1988 4607 2031 4674 l)
2068 4609 2085 4676 ss
2134 4605 2373 4674 invenis]
2412 4607 2725 4660 inuenimus
2770 4605 2827 4660 F
2860 4609 2885 4674 ΙΙ
2916 4609 3053 4662 item
3090 4649 3103 4662 .
3138 4653 3151 4664 .

561 4721 566 4728 ,
633 4677 946 4732 invenimus
979 4695 1080 4732 om.
1113 4677 1220 4732 SR
1257 4681 1278 4746 ΙΙ
1321 4677 1480 4746 item]
1521 4679 1578 4730 et
1617 4677 1694 4730 M
1741 4673 1850 4730 iter
1887 4677 1950 4730 F
1988 4679 2009 4746 ΙΙ
2056 4683 2123 4730 14
2162 4677 2497 4746 invenimus]
2538 4675 2755 4730 iuuenis
2796 4679 2871 4730 M
2896 4680 2915 4748 ΙΙ
2956 4695 3193 4746 quorum

631 4789 642 4800 .
671 4789 684 4800 .
705 4791 718 4800 .
751 4747 1342 4804 commemorationem
1369 4747 1598 4802 SRFJ:
1629 4765 1770 4816 quos
1797 4749 1890 4802 hic
1921 4749 2147 4804 omnino
2176 4767 2287 4802 non
2312 4749 2503 4818 posuit
2532 4749 2663 4800 LH
2668 4749 2741 4800 M
2764 4751 2785 4818 ΙΙ
2812 4753 2879 4802 16
2908 4759 3043 4804 tunc
3072 4751 3151 4804 M
3174 4755 3189 4820 i?

627 4821 762 4872 ante
803 4821 876 4872 M
929 4823 1022 4874 ate
1061 4821 1120 4874 F
1143 4823 1164 4888 ΙΙ
1201 4827 1264 4876 17
1305 4821 1530 4874 fuerant
1563 4835 1662 4874 om.
1701 4819 1758 4872 R
1783 4822 1804 4888 ΙΙ
1839 4827 1908 4874 18
1943 4819 2121 4872 filium
2160 4821 2227 4872 H
2232 4821 2295 4872 F
2314 4823 2333 4890 ΙΙ
2362 4821 2533 4874 fuisse
2566 4819 2645 4872 M
2664 4821 2681 4888 ΙΙ
2710 4837 2839 4872 nam
2882 4863 2895 4874 .
2924 4865 2935 4876 .
2968 4863 2983 4874 .
3026 4821 3187 4892 dicit]

625 4889 744 4944 tale
783 4891 932 4944 enim
969 4891 1186 4960 aliquid
1221 4891 1428 4946 statius
1461 4889 1652 4960 posuit
1687 4889 1866 4944 SRF
1889 4893 1910 4960 ΙΙ
1952 4897 2019 4944 19
2056 4893 2213 4944 exsul
2250 4893 2313 4944 Η
2334 4893 2357 4960 ΙΙ
2400 4889 2615 4946 haecsit
2650 4889 2711 4944 F
2732 4893 2755 4960 ΙΙ
2794 4897 2863 4944 20
2902 4895 3095 4946 turnus
3136 4895 3187 4944 ei

623 4961 756 5014 ante
797 4961 1032 5016 dederat
1065 4963 1124 5016 D
1151 4965 1172 5032 ΙΙ
1197 4965 1286 5034 ut]
1325 4965 1382 5016 et
1419 4963 1478 5016 F
1501 4963 1522 5030 Η
1549 4967 1610 5014 21
1655 4961 1776 5030 agit
1811 4963 1872 5016 H
1899 4965 2049 5030 111166
2076 4963 2143 5014 F
2164 4965 2181 5032 ΙΙ
2206 4961 2473 5032 inglorios
2512 4961 2579 5016 H
2596 4965 2619 5028 n
2648 4967 2711 5014 22
2752 4981 3019 5016 Aenum
3052 4963 3191 5016 HF

621 5049 874 5086 Acunum
911 5031 1020 5086 SR
1073 5053 1322 5088 mmmm:
1359 5033 1416 5086 L
1465 5051 1740 5088 sonamus.
1771 5033 1842 5088 M
1865 5035 1888 5101 ΙΙ
1915 5035 1983 5086 de
2026 5049 2149 5088 cere
2184 5033 2383 5088 SRL=
2422 5033 2557 5088 doce
2576 5049 2623 5086 ·e
2658 5033 2727 5086 H
2776 5033 2959 5088 dicere
3002 5031 3061 5088 F
3114 5035 3181 5086 de
3250 5033 3255 5040 ’

621 5103 808 5158 cerete
837 5103 916 5158 M
933 5106 954 5178 ss
981 5109 1054 5158 23
1089 5109 1236 5174 perit
1275 5107 1320 5162 S
1341 5107 1362 5176 ΙΙ
1389 5123 1488 5160 1166
1633 5103 1926 5172 imperium
1954 5103 2107 5158 LH:
2150 5105 2443 5174 postquam
2482 5051 2603 5174 (pdr
2632 5103 2781 5172 quod
2810 5103 2899 5172 F)
2932 5103 3181 5172 patrium

2568 5153 2571 5176 Ι

2546 5263 2555 5292 f
