3900 5784
705 611 834 680 120
1859 615 2099 674 sERvn

701 779 968 864 propria
1011 777 1344 842 interemit
1393 779 1458 840 et
1503 775 1720 870 opima
1765 777 1985 842 retulit
2036 777 2275 860 spolia,
2318 797 2477 860 quae
2520 779 2647 842 dux
2684 779 3053 844 detraxerat
3096 779 3261 864 duci,

703 885 870 950 sicut
919 881 1162 950 Cossus
1207 881 1386 948 Larti
1435 883 1792 950 Tolumnio.
1843 917 1848 922 0
2588 967 2591 972 ,

879 989 1028 1054 856.
1103 1007 1594 1054 SVPEREMINET
1645 1007 1876 1056 OMNES
1925 989 2187 1054 virtutis
2234 989 2477 1054 scilicet
2526 1013 2777 1078 genere.

877 1095 1026 1160 857.
1099 1115 1242 1160 REM
1279 1115 1624 1162 ROMANAM
1675 1099 1916 1160 statum
1958 1095 2373 1180 reipublicae.
2520 1115 2887 1164 TVRBANTE
2924 1115 3261 1166 TVMVLTV

627 1213 664 1262 5
703 1203 848 1268 ideo
895 1201 1248 1286 ‘tumultun
1303 1205 1454 1290 quia.
1493 1225 1596 1268 res
1645 1205 1714 1266 in
1759 1201 1955 1266 Italia
1998 1205 2291 1268 adversus
2332 1203 2555 1272 Gallos
2600 1207 2867 1292 geritur.

883 1309 1032 1376 858.
1105 1325 1346 1376 SISTET
1395 1309 1834 1394 confirmabit,
1877 1309 2341 1376 corroborabit.

879 1415 1026 1480 859.
1103 1433 1502 1496 ΤΕΒΤΙΑρνΕ
1567 1433 1760 1480 ARMA
1815 1433 2027 1482 PATRI
2078 1433 2481 1482 SVSPENDET
2542 1405 2773 1482 cAP'r'A
2832 1439 3127 1496 vamo
3190 1423 3259 1484 et

703 1523 898 1588 tertia
955 1523 1174 1606 opima
1227 1523 1440 1608 spolia
1491 1523 1840 1606 suspendet
1905 1523 2105 1608 patri,
2170 1523 2231 1586 id
2292 1527 2391 1586 est
2434 1523 2603 1606 Iovi,
2664 1523 2889 1610 ‘capta
2932 1523 3257 1610 Quirino',

703 1631 922 1716 qualia,
967 1631 1034 1694 et
1081 1629 1390 1706 Quirinus
1441 1635 1722 1716 ceperat,
1785 1631 1848 1694 id
1899 1625 1997 1694 est
2042 1629 2387 1712 Romulae,
2442 1627 2521 1694 de
2564 1629 2847 1714 Acrone,
2906 1651 3057 1716 rege
3104 1631 3261 1696 Cae-

603 1749 666 1798 10
703 1737 1096 1824 lunensium,
1143 1741 1210 1804 et
1255 1759 1332 1802 ea
1375 1735 1518 1802 Io'vi
1565 1735 1842 1802 Feretrio
1891 1737 2327 1820 suspenderat.
2412 1759 2759 1820 possumus
2804 1741 2897 1822 et,
2942 1737 3113 1820 quod
3164 1741 3263 1802 est

703 1845 964 1930 melius,
1007 1843 1354 1910 secundum
1387 1845 1604 1930 legem
1639 1843 1894 1910 Numae
1941 1845 2113 1910 hunc
2162 1845 2373 1910 locum
2414 1847 2723 1930 accipere,
2776 1843 2885 1930 qui
2930 1845 3261 1928 praecepit

703 1953 914 2036 prima
967 1953 1188 2036 opima
1241 1951 1454 2036 spolia
1505 1951 1646 2018 Iovi
1693 1951 1985 2018 Feretrio
2046 1951 2273 2018 debere
2332 1953 2665 2036 suspendi,
2726 1951 2903 2036 quod
2950 1949 3083 2046 iam
3132 1949 3261 2016 Ro-

703 2059 914 2122 mulus
977 2057 1246 2140 fecerat3
1317 2057 1592 2122 secunda
1651 2057 1872 2140 Marti,
1939 2059 2111 2142 quod
2168 2057 2411 2124 Cossus
2472 2059 2655 2146 fecitr,
2716 2057 2917 2122 tertia
2968 2057 3261 2142 Quirino,

703 2162 874 2250 quod
933 2163 1084 2228 fecit
1129 2161 1492 2228 Marcellus.
1585 2161 1894 2238 Quirinus
1952 2167 2171 2228 autem
2224 2169 2327 2228 est
2368 2163 2573 2250 Mam,
2636 2165 2747 2250 qui
2804 2171 3063 2250 praeest
3114 2163 3261 2246 paci

599 2281 664 2330 15
705 2273 768 2334 et
815 2271 988 2334 intra
1035 2269 1364 2334 civitatem
1415 2269 1678 2336 colitur:
1721 2293 1874 2334 nam
1921 2271 2079 2336 belli
2112 2269 2293 2336 Mars
2338 2275 2521 2336 extra.
2566 2271 2901 2336 civitatem
2942 2271 3261 2354 templum

595 2817 662 2864 20

595 3349 662 3400 25

699 2375 952 2442 habuit.
1023 2395 1182 2462 ergo
1221 2379 1334 2440 aut
1375 2375 1750 2462 ‘suspendet
1795 2375 2011 2462 patri',
2060 2377 2125 2442 id
2172 2381 2269 2444 est
2302 2375 2469 2444 Iovi:
2520 2379 2633 2440 aut
2678 2375 3055 2462 ‘suspendet
3088 2377 3263 2462 patri

705 2483 1022 2558 Quirino'.
1111 2483 1294 2550 varie
1339 2483 1418 2548 de
1461 2485 1586 2548 hoc
1627 2483 1774 2550 loco
1819 2485 2107 2550 tractant
2156 2485 2727 2564 commentatoreS‚
2786 2483 3039 2550 Numae
3090 2485 3257 2570 legis

703 2591 1116 2676 inmemores,
1167 2593 1346 2656 cuius
1391 2591 1554 2654 facit
1597 2591 1991 2656 mentionem
2042 2593 2105 2656 et
2152 2591 2393 2656 Livius·

879 2699 1026 2762 861.
1101 2715 1466 2764 EGREGIVM
1519 2715 1760 2762 FORMA
1817 2715 2137 2764 IVVENEM
2184 2717 2273 2762 ET
2318 2715 2807 2764 FVLGENTIBVS
2862 2715 3073 2764 ARMIS
3136 2699 3265 2764 tria

705 2809 856 2870 sunt
919 2807 1270 2872 secundum
1339 2805 1766 2872 Carminiumz
1839 2805 2251 2890 pulchritudo
2262 2855 2281 2890 ‚
2344 2809 2555 2890 aetaS,
2616 2807 2841 2870 virtus,
2936 2807 3265 2892 significat

703 2917 922 2978 autem
959 2897 1364 2998 Marcellum,
1401 2915 1608 2978 filium
1649 2913 1985 3000 Octaviae,
2028 2913 2277 2978 ‘sororis
2306 2911 2611 3000 Augusti,
2654 2933 2843 2998 quem
2884 2913 3011 2978 sibi
3044 2915 3261 3000 Augu-

705 3023 844 3086 stus
901 3021 1250 3106 adoptavit.
1343 3021 1454 3086 hic
1507 3023 1690 3086 sexto
1753 3021 1999 3088 decimo
2072 3043 2233 3086 anno
2302 3021 2525 3086 incidit
2576 3023 2649 3086 in
2702 3019 3143 3086 valetudinem
3198 3023 3267 3086 et

703 3129 896 3212 periit·
959 3131 1190 3194 octavo
1255 3129 1502 3194 decimo
1569 3129 1636 3192 in
1695 3127 1944 3194 Baiano
1954 3179 1971 3212 ‚
2038 3151 2183 3194 eum
2246 3111 2643 3194 aedilitatem
2708 3131 2975 3212 gereret.
3070 3129 3263 3194 huius

703 3239 976 3300 mortem
1021 3233 1440 3300 vehementer
1483 3235 1718 3300 civitas
1763 3235 1997 3300 doluit:
2044 3243 2197 3300 nam
2240 3237 2311 3298 et
2352 3233 2657 3298 adfabilis
2702 3233 2829 3300 fuit
2874 3239 2941 3300 et
2978 3233 3263 3320 Augusti

703 3341 890 3404 filius.
985 3339 1068 3404 ad
1117 3339 1364 3404 funeris
1425 3341 1614 3406 huius
1673 3341 1985 3408 honorem
2046 3341 2377 3426 Augustus
2442 3343 2771 3406 sescentos
2828 3341 3035 3406 lectos
3086 3341 3265 3408 intra

1093 3467 1128 3474 n·-

847 3537 910 3586 19
955 3533 1066 3586 tria
1099 3537 1228 3588 sunt
1265 3575 1280 3588 .
1313 3577 1324 3590 .
1355 3575 1366 3588 .
1405 3509 1462 3588 ei
1497 3533 1662 3606 dicit]
1713 3541 1882 3590 exscr.
1925 3533 2205 3604 mythogr.
2240 3531 2267 3586 I
2306 3539 2411 3588 226

847 3701 874 3748 1
913 3693 1192 3750 interimit
1225 3695 1294 3746 H
1315 3697 1334 3764 ΙΙ
1359 3695 1474 3750 dux
1509 3713 1610 3748 om.
1639 3695 1712 3746 Η
1729 3695 1748 3764 ΙΙ
1777 3695 2119 3748 distraxerat
2160 3695 2219 3748 F
2240 3695 2257 3764 ΙΙ
2300 3695 2409 3748 dici
2450 3695 2513 3746 H
2536 3697 2555 3764 ΙΙ
2590 3701 2621 3746 2
2664 3695 2811 3748 sicut
2842 3711 2945 3748 om.
2974 3693 3039 3746 F
3060 3697 3077 3764 ΙΙ
3104 3697 3265 3752 Larti

701 3783 802 3820 om.
841 3765 952 3820 AS
961 3765 1020 3818 F
1045 3769 1064 3836 ΙΙ
1099 3767 1378 3820 columnio
1419 3765 1538 3818 ΒΗ
1589 3765 1884 3820 toluminio
1927 3767 1981 3818 R
2008 3767 2027 3834 ΙΙ
2074 3773 2103 3820 3
2142 3785 2299 3820 OMNIS
2336 3767 2411 3818 M
2424 3765 2479 3818 F
2504 3767 2523 3836 ΙΙ
2560 3765 2801 3836 scilicet]
2838 3765 3059 3820 scilicet
3094 3769 3157 3820 et
3188 3767 3263 3832 R,

703 3853 802 3892 om.
831 3835 1016 3892 ΑΒΗ
1035 3839 1056 3908 11
1093 3843 1124 3890 5
1161 3837 1316 3908 ideo]
1355 3839 1452 3890 uel
1483 3835 1628 3890 bene
1667 3835 1796 3892 ideo
1833 3837 1902 3890 H
1952 3839 2093 3892 bene
2130 3839 2205 3890 M
2226 3839 2247 3908 ΙΙ
2274 3837 2333 3890 in
2366 3835 2533 3890 italia
2568 3851 2657 3890 res
2696 3839 2771 3890 M
2796 3839 2873 3908 116
2914 3837 3265 3892 confirmauit

703 3907 834 3962 AF
865 3909 1024 3978 (corr.
1055 3911 1110 3978 a)
1137 3911 1158 3980 ss
1189 3907 1586 3962 conroborauit
1617 3909 1744 3962 AF
1779 3909 1942 3978 (corr.
1978 3911 2037 3976 a)
2092 3907 2477 3964 corroborauit
2514 3907 2569 3962 L
2594 3909 2611 3980 ΙΙ
2644 3913 2675 3962 ’7
2712 3911 2795 3980 et]
2834 3909 2927 3962 hic
2958 3907 3015 3962 R
3070 3911 3175 3962 hec
3208 3907 3263 3960 L

701 3979 720 4054 ΙΙ
755 3983 788 4034 8
831 3977 1018 4048 opima.
1055 3981 1228 4034 tertia
1257 3979 1336 4034 M
1353 3981 1372 4050 ll
1399 3981 1572 4048 capta.
1599 3979 1854 4052 Quirino]
1897 3983 2069 4048 capta.
2102 3981 2289 4034 autem
2330 3977 2551 4048 quirino
2580 3981 2659 4034 M
2708 3983 2873 4050 capta
2916 3979 3101 4034 autem
3142 3979 3263 4048 qui-

703 4051 828 4106 rino
865 4049 924 4104 id
963 4053 1046 4106 est
1083 4049 1142 4106 F
1165 4053 1186 4122 ΙΙ
1213 4055 1244 4104 9
1283 4051 1550 4120 coeperat
1585 4051 1708 4106 AR
1741 4053 1900 4120 (corr.
1933 4053 1987 4120 a)
2014 4053 2035 4122 ll
2066 4051 2405 4106 ceniensium
2444 4051 2683 4106 ASRL
2738 4051 3113 4106 cecinensium
3152 4051 3215 4106 H
3246 4049 3267 4124 Η

709 4129 768 4178 11
813 4123 994 4190 legem
1031 4139 1130 4178 om.
1171 4121 1278 4176 AS
1329 4125 1498 4192 (supr.
1537 4139 1672 4178 vers.
1713 4125 1840 4178 add.
1879 4125 1938 4194 α)
1982 4125 2001 4192 ΙΙ
2058 4139 2255 4178 munae
2296 4123 2349 4176 L
2402 4139 2629 4178 numare
2672 4121 2739 4178 H
2788 4123 2855 4190 cf.
2898 4121 3097 4178 Festus
3134 4139 3177 4178 s,
3212 4139 3263 4178 v.

709 4193 906 4262 Opima
943 4195 1120 4262 spolia
1145 4195 1166 4264 u
1195 4193 1444 4262 recipere
1471 4193 1532 4248 F
1557 4199 1576 4266 ΙΙ
1603 4199 1670 4248 12
1701 4195 1902 4250 feretro
1933 4195 1991 4248 H
2020 4195 2041 4264 ΙΙ
2072 4199 2135 4248 13
2176 4193 2315 4248 fecit
2348 4211 2539 4248 cossus
2570 4193 2629 4248 F
2652 4197 2673 4264 ΙΙ
2702 4199 2769 4246 14
2806 4193 3101 4250 marcellus
3132 4193 3269 4248 fecit

709 4265 766 4320 F
789 4265 810 4334 11
845 4263 904 4316 id
945 4265 1030 4316 est
1067 4281 1216 4318 mars
1253 4265 1316 4316 F
1337 4267 1356 4334 ΙΙ
1389 4265 1488 4334 qui
1525 4267 1748 4334 praeest
1787 4307 1800 4320 .
1837 4309 1846 4320 .
1877 4307 1888 4318 .
1929 4281 2063 4318 nam
2098 4265 2233 4318 belli
2268 4281 2369 4318 om.
2408 4265 2519 4318 AS
2528 4265 2597 4318 H
2626 4265 2747 4334 (qui
2784 4265 3007 4334 praeest
3044 4265 3177 4334 paci
3208 4269 3269 4318 et

707 4335 858 4390 intra
889 4351 1068 4404 supra
1101 4351 1234 4388 vers.
1265 4337 1390 4390 add.
1423 4355 1462 4390 a
1495 4337 1582 4390 ita
1615 4343 1680 4390 ut
1717 4337 1874 4390 extra.
1909 4337 2121 4404 deleret)
2152 4337 2171 4406 ΙΙ
2210 4343 2277 4388 16
2318 4353 2449 4404 ergo
2482 4337 2551 4388 ut
2582 4335 2639 4388 R
2666 4339 2687 4404 ΙΙ
2720 4337 2821 4388 aut
2854 4375 2867 4388 .
2904 4375 2917 4386 .
2950 4375 2963 4388 .
3006 4333 3263 4406 Quirino]

707 4409 806 4460 aut
841 4403 994 4476 patri
1027 4405 1092 4458 id
1129 4409 1216 4460 est
1247 4405 1418 4460 marti
1457 4407 1678 4474 quirino
1713 4411 1784 4460 M
1807 4409 1824 4478 ΙΙ
1861 4405 2011 4474 patri
2050 4421 2149 4460 om.
2192 4407 2235 4460 S
2266 4409 2287 4478 11
2334 4411 2399 4458 17
2438 4405 2615 4474 varie]
2658 4409 2717 4460 et
2750 4405 2905 4460 varie
2942 4407 3003 4460 F
3038 4409 3057 4476 ΙΙ
3102 4411 3173 4460 18
3208 4409 3267 4460 et

707 4475 898 4532 Livius
929 4493 1028 4532 om.
1055 4479 1130 4532 M
1163 4477 1248 4548 (in
1273 4493 1448 4544 mary.
1477 4479 1654 4546 suppl.
1687 4479 1756 4546 m)
1787 4479 1808 4550 ΙΙ
1835 4477 1997 4532 liuias
2030 4477 2099 4532 H
2144 4477 2315 4532 libius
2344 4475 2417 4532 F.
2456 4477 2519 4530 in
2558 4477 2713 4532 libris
2748 4479 2845 4546 qui
2880 4479 3041 4532 hodie
3074 4483 3267 4532 eaetant

709 4565 826 4602 eam
863 4551 1024 4616 zeyem
1061 4565 1174 4604 non
1207 4555 1582 4604 commemorat
1603 4549 1806 4604 Livius
1833 4551 1850 4620 ΙΙ
1875 4555 1948 4604 20
1984 4547 2315 4604 corminium
2342 4547 2405 4602 H
2432 4551 2447 4620 ΙΙ
2472 4547 2793 4616 pulcritudo
2822 4547 2883 4604 F
2904 4553 2927 4618 ΙΙ
2952 4555 3017 4604 21
3060 4549 3263 4604 macel-

707 4619 826 4672 lum
865 4619 928 4674 F
973 4623 978 4690 Ι
1021 4625 1092 4676 22
1127 4619 1428 4674 adobtauit
1465 4619 1522 4674 F
1547 4623 1568 4688 ΙΙ
1605 4619 1812 4690 incipit
1847 4619 1967 4676 FG·
1998 4621 2019 4690 ΙΙ
2068 4619 2387 4676 ualetudine
2428 4623 2477 4672 A
2536 4619 2849 4676 ualitudine
2888 4621 2935 4674 S
2944 4621 3011 4674 H
3062 4619 3265 4674 ualitu-
3360 4641 3367 4648 ·

709 4691 896 4744 dinem
991 4691 1042 4746 G
1089 4691 1474 4748 ualetudinem
1501 4691 1580 4744 Μ
1587 4691 1692 4746 Fa
1743 4691 1808 4744 in
1843 4691 2223 4748 valetudinem
2258 4693 2423 4760 vulqo
2448 4692 2467 4761 ΙΙ
2504 4697 2573 4746 23
2600 4691 2799 4764 periit]
2834 4691 2981 4760 perit
3008 4691 3071 4744 in
3098 4689 3161 4742 F
3172 4689 3221 4742 G
3248 4691 3263 4762 Η

709 4761 760 4814 Χ
795 4763 858 4814 et
889 4763 1022 4818 VIII
1061 4765 1128 4818 H
1165 4765 1186 4834 ΙΙ
1231 4763 1468 4834 Baiano]
1505 4763 1714 4844 haione.
1747 4763 1852 4818 Ra
1887 4765 2049 4830 (corr.
2086 4765 2135 4844 r)
2192 4763 2397 4844 baionu
2438 4763 2503 4816 H
2552 4763 2795 4818 libr-iano
2834 4763 2909 4814 M
2950 4763 2969 4834 ΙΙ
3016 4759 3171 4844 cum]
3208 4767 3269 4816 et

711 4851 840 4888 cum
875 4833 988 4888 AS
997 4835 1066 4886 H
1097 4837 1176 4904 (et
1213 4835 1312 4890 del.
1345 4839 1396 4904 a)
1427 4837 1448 4906 Π
1473 4835 1758 4904 gereretur
1787 4835 1856 4886 H
1873 4835 1892 4902 ΙΙ
1921 4839 1991 4888 24
2030 4833 2277 4888 ciuitatis
2316 4833 2381 4886 H
2402 4835 2423 4904 ΙΙ
2450 4837 2517 4886 26
2556 4833 2727 4904 filius]
2766 4847 2865 4900 per
2906 4833 3263 4902 adoptionem

713 4923 842 4976 add.
881 4919 944 4974 F
979 4923 998 4994 11
1043 4923 1324 4978 sescentos
1357 4923 1560 4994 lectos]
1609 4927 1672 4976 oc
1707 4921 1884 4976 lectos
1923 4923 1979 4976 Α
2020 4923 2133 4990 (sed
2172 4939 2203 4976 c
2234 4923 2303 4976 in
2336 4937 2447 4976 ras,
2482 4925 2539 4988 a)
2580 4921 2829 4976 delectos
2862 4919 2921 4974 R
2972 4913 3167 4978 dolea}
3204 4923 3271 4976 H

715 4991 1062 5078 quingentos⁶
1087 4993 1294 5076 electos
1323 4993 1756 5078 mythpqraphus·
1771 4993 1792 5064 ΙΙ
1809 4993 1967 5076 ’intra
1990 4991 2281 5048 ciuitatem
2312 4991 2391 5046 irc
2422 4993 2559 5046 RH
2560 5011 2619 5046 a:
2660 4991 2813 5116 intra
2838 4991 3125 5048 ciuitatem
3156 4993 3269 5048 AS

711 5083 790 5120 1re
829 5067 980 5120 mtra
1013 5069 1304 5120 clultatem
1343 5065 1418 5120 M
1465 5067 1672 5120 mtrare
1711 5065 2001 5120 cmrtatem
2038 5065 2157 5118 FG
2702 5137 2743 5314 j
