3900 5784
617 647 638 662 .
717 609 804 670 54
1669 611 1674 618 ’
1867 611 2107 670 SERVII
2144 619 2147 622 ’

715 789 936 834 sermo:
995 791 1152 832 nam
1209 773 1264 832 et
1319 769 1560 838 ‘acuit'
1615 777 1967 862 significat,
2030 777 2101 838 ut
2158 771 2549 856 <V11627>
2606 767 3129 854 subiguntque
3186 769 3267 832 in

719 879 884 938 cote
951 897 1282 958 securae,
1351 881 1414 940 et
1477 869 1834 966 compellit,
1897 883 1973 944 ut
2034 877 2249 962 (567)
2320 877 2767 962 subigitque
2832 875 3087 940 fateri.
3320 881 3323 886 '

629 1021 646 1034 κ
715 997 1060 1058 VELISQVE
1107 997 1492 1050 MINISTRAT
1553 991 1664 1052 aut
1709 1009 1824 1070 per
1867 987 2039 1070 vela,
2096 987 2159 1050 et
2206 989 2307 1050 est
2350 983 2693 1070 septimus:
2750 985 2863 1050 aut
2916 983 3103 1048 tvelis
3152 983 3263 1046 ob-

717 1087 1058 1172 sequitur'‚
1107 1091 1170 1152 et
1219 1095 1316 1154 est
1361 1091 1632 1160 dativus.

643 1205 676 1254 5
891 1197 1040 1260 303.
1115 1215 1564 1266 FERRVGINEA
1609 1199 1828 1286 nigra,
1869 1201 2073 1266 tristi:
2116 1223 2267 1266 nam
2312 1201 2653 1284 lugubrem
2696 1221 2833 1264 esse
2876 1199 3051 1262 hune
3096 1199 3265 1262 colo-

715 1325 852 1366 rem
887 1303 1018 1384 ipse
1055 1305 1342 1370 ostendit
1375 1307 1594 1370 dicens
1633 1329 1796 1372 cum
1845 1311 2075 1390 caput
2102 1309 2447 1372 ‚obscura
2490 1305 2819 1370 nitidum
2864 1305 3263 1388 ferrugine

715 1409 928 1474 texit.
1111 1429 1438 1478 CORPORA
1475 1431 1710 1484 OVMBA
1753 1435 1946 1478 omne
1992 1413 2165 1498 quod
2200 1417 2417 1496 potest
2456 1411 2685 1496 videri,
2732 1433 2965 1496 corpus
3002 1413 3263 1478 dicitur:

717 1517 880 1580 unde
943 1519 1140 1604 paulo
1205 1523 1360 1604 post
1421 1521 1876 1584 discretionem
1933 1523 2091 1586 fecit
2140 1521 2359 1586 dicens
2418 1517 2633 1604 <391>
2702 1541 3029 1602 corpora
3092 1517 3267 1584 viva

717 1625 934 1688 nefas
985 1625 1262 1710 Stygia
1309 1613 1950 1692 vectare'carina.

615 1739 678 1787 10
893 1733 1040 1796 304.
1117 1749 1248 1796 IAM
1285 1751 1534 1798 SENIOR
1585 1735 1696 1796 aut
1739 1755 1858 1814 pro
1899 1733 2189 1814 positivo
2226 1735 2461 1818 posuit,
2504 1733 2579 1798 id
2616 1737 2705 1798 est
2742 1753 2951 1798 senem:
3010 1735 3149 1812 aut,
3200 1733 3269 1794 ut

719 1837 996 1902 diximus
1043 1837 1150 1922 <V
1187 1837 1384 1922 409),
1431 1837 1710 1904 ‘senior'
1757 1843 1858 1904 est
1901 1841 2117 1904 virens
2164 1861 2383 1924 senex,
2432 1845 2503 1904 ut
2554 1839 2825 1904 ‘iunior'
2874 1839 3049 1904 intra
3096 1839 3263 1904 iuve-

719 1965 868 2006 nem
913 1949 1038 2010 est:
1089 1967 1280 2030 quam
1327 1965 1466 2010 rem
1513 1969 1550 2010 a
1597 1943 1888 2012 Varrone
1933 1949 2281 2010 tractatam
2332 1947 2669 2012 confirmat
2720 1949 2783 2010 et
2830 1939 3101 2036 Plinius.

721 2067 954 2116 ouvDA
999 2069 1144 2116 Duo
1191 2069 1600 2130 vnumsovu
1649 2069 2001 2118 sunucrvs
2054 2047 2131 2116 τὸ
2192 2057 2457 2118 αἴτιονε-
2496 2055 2627 2120 ideo
2684 2055 2873 2120 cruda
2928 2057 2987 2118 et
3024 2051 3263 2130 viridia

721 2157 872 2240 quia
913 2159 984 2220 in
1029 2159 1164 2222 deo.
1241 2163 1296 2222 et
1339 2159 1482 2222 bene
1525 2157 1826 2242 ‘viridisss
1871 2181 1948 2224 ne
1994 2163 2481 2224 contemneretur.

613 2271 676 2320 15
895 2265 1040 2328 309.
1117 2281 1438 2330 AVTVMM
1503 2281 1804 2330 FRIGORE
1869 2283 2087 2334 PRIMO
2160 2267 2637 2332 extremitatem
2712 2267 2853 2332 vult
2898 2267 3269 2346 ostendere,

719 2371 890 2456 quod
943 2371 1036 2436 ait
1093 2369 1422 2438 Iuvenalis
1471 2369 1610 2456 <IV
1655 2371 1784 2454 56)
1833 2375 1983 2438 iam
2036 2371 2353 2438 letifero
2408 2375 2727 2438 cedente
2780 2375 3083 2460 pruinis
3138 2397 3267 2438 au-

715 2485 1008 2546 tumno:
1051 2501 1208 2544 nam
1245 2479 1456 2564 prima
1495 2479 1628 2546 eius
1663 2501 1818 2564 pars
1861 2479 2093 2564 fervet,
2138 2483 2213 2544 ut
2244 2483 2565 2566 totoque
2610 2483 2959 2546 autumni
3002 2483 3267 2546 inean-

717 2587 886 2654 duit
947 2591 1180 2652 aestu.
1283 2609 1436 2650 sane
1505 2585 1860 2672 sciendum,
1923 2587 2273 2650 secundum
2338 2587 2623 2654 Plinium
2686 2589 2847 2654 folia
2908 2589 3269 2654 autumnali

715 2699 1006 2780 tempore
1059 2695 1204 2758 ideo
1263 2693 1516 2776 cadere,
1571 2693 1726 2776 quia
1779 2693 1991 2758 omnis
2042 2697 2201 2758 tunc
2256 2695 2325 2758 in
2384 2695 2721 2762 arboribus
2766 2717 2955 2760 umor
3000 2697 3269 2760 aestatis

613 2809 680 2856 20
721 2801 932 2868 calore
989 2801 1312 2866 invenitur
1371 2801 1738 2864 exhaustus.
1827 2821 1983 2884 ergo
2028 2799 2357 2882 .‘cadunt'‚
2416 2825 2549 2866 non
2616 2803 2765 2886 quia
2830 2805 2983 2866 tunc
3044 2801 3269 2866 siccari

717 2907 1062 2994 incipiunt,
1123 2907 1232 2972 sed
1279 2909 1428 2992 quia
1477 2909 1628 2972 tunc
1671 2905 1766 2968 eis
1811 2907 1940 2970 iam
1992 2905 2169 2970 deest
2216 2927 2415 2970 umor.

897 3017 1044 3080 311.
1117 3031 1648 3080 GLOMERANTVR
1681 3029 1862 3078 AVES
1909 3011 2069 3076 bene
2108 3013 2297 3076 rebus
2336 3011 2765 3080 volitantibus
2804 3017 3053 3096 animas
3104 3037 3269 3080 eom-

715 3123 1000 3206 paravit,
1049 3143 1210 3206 quae
1261 3125 1324 3184 et
1369 3119 1546 3206 ipsae
1595 3119 1832 3184 volant.

897 3229 1042 3294 312.
1117 3245 1444 3292 ΙΝΜΙΤΤΙΤ
1495 3241 1768 3290 APRIOIS
1813 3227 2003 3310 quasi
2046 3221 2201 3310 ἄτερ
2252 3227 2523 3310 φρίκης,
2570 3227 2637 3290 id
2682 3233 2781 3294 est
2828 3231 2963 3294 sine
3008 3231 3269 3316 frigore,

611 3341 680 3392 25
717 3341 792 3402 ut
829 3335 1108 3402 diximus
1149 3357 1340 3420 supra
1381 3335 1482 3418 <V
1519 3333 1712 3416 128>2
1753 3335 1920 3398 unde
1956 3353 2087 3398 nou
2126 3333 2287 3398 nulli
2324 3337 2391 3396 et
2424 3331 2715 3398 Africam
2756 3335 2991 3402 dictam
3026 3337 3269 3402 volunt.

859 3569 900 3620 5·
929 3583 1266 3620 mumolum
1299 3563 1488 3634 nigra]
1531 3561 1600 3618 cf.
1637 3561 1792 3616 Luct.
1829 3563 1981 3616 Plac.
2022 3561 2093 3614 ad
2134 3561 2271 3616 Stat.
2310 3559 2489 3616 Theb.
2526 3563 2549 3614 I
2588 3569 2691 3620 600
2738 3568 2759 3638 ΙΙ
2810 3573 2843 3620 6
2882 3569 3033 3638 cum]
3074 3583 3265 3638 georg.

659 3643 664 3648 '
717 3635 742 3688 Ι
781 3641 882 3690 467
937 3637 954 3706 ΙΙ
1023 3643 1084 3690 17
1127 3635 1386 3706 totoque]
1431 3653 1622 3704 georg.
1661 3633 1738 3686 ΙΠ
1775 3639 1878 3686 479
1931 3635 1948 3704 ΙΙ
2018 3637 2081 3686 18
2128 3631 2401 3702 Plinium]
2444 3635 2557 3686 nat.
2596 3635 2727 3692 hist.
2768 3639 2895 3692 XVI
2930 3645 2963 3704 ξ
3002 3645 3069 3694 82
3098 3657 3213 3710 sqq.
3252 3639 3269 3708 Ιι

717 3713 790 3762 25
823 3707 970 3762 unde
1013 3753 1024 3764 .
1153 3707 1376 3778 volunt]
1417 3723 1586 3762 exscr.
1627 3703 1758 3760 Isid.
1799 3721 1878 3760 or.
1917 3703 2047 3758 XIV
2084 3707 2135 3770 5,
2174 3709 2203 3756 2

863 3911 892 3958 1
931 3905 988 3960 et
1025 3905 1148 3960 hab.
1183 3867 1260 3958 Μ
1283 3905 1300 3974 ιι
1327 3903 1608 3986 signifiat
1643 3899 1728 3972 ut]
1773 3897 2155 3970 intellegimus
2190 3897 2329 3952 alibi
2366 3895 2429 3950 F
2448 3899 2469 3970 ιι
2510 3907 2541 3954 2
2582 3905 2641 3956 et
2676 3943 2687 3956 .
2722 3947 2735 3958 .
2768 3949 2777 3962 .
2816 3905 2985 3960 fateri
3020 3923 3119 3962 om.
3152 3905 3229 3962 M
3252 3907 3273 3980 ιι

719 4017 752 4064 3
793 4011 872 4082 et]
913 4013 976 4070 ιιι
1015 4031 1054 4066 a
1087 4013 1104 4082 ιι
1143 4013 1200 4066 in
1235 4009 1354 4066 vn.
1393 4011 1450 4064 A
1515 3985 1744 4064 ²¹²V11²¹¹⁰
1787 4007 1828 4062 s
1863 4009 1882 4078 ιι
1925 4007 2177 4076 6'oapud
2216 4005 2279 4058 F
2326 4007 2477 4074 apud
2520 4007 2569 4062 e
2606 4011 2627 4080 ιι
2662 4011 2925 4082 obscurat
2962 4013 3017 4068 θ·
3040 4015 3059 4084 ιι
3096 4015 3271 4068 ferm-

717 4083 910 4152 ginem
937 4085 1004 4136 Η
1025 4085 1042 4154 ΙΙ
1071 4091 1102 4138 7
1141 4085 1300 4138 schol.
1327 4085 1408 4136 ad
1441 4097 1678 4136 CORPORA
1711 4099 1760 4134 o,
1799 4095 1898 4132 om.
1929 4077 1981 4132 G
2010 4079 2027 4148 ss
2054 4095 2229 4130 ovium
2258 4077 2377 4130 ΕΑ
2390 4075 2431 4130 S
2440 4077 2519 4130 M
2540 4079 2557 4148 ss
2588 4087 2657 4136 10
2690 4085 2793 4138 aut
2828 4085 3271 4154 comparativum

717 4169 820 4222 pro
853 4155 1096 4222 positivo
1135 4155 1324 4224 posuit
1363 4153 1674 4208 Mas-viciae
1699 4153 1716 4220 ΙΙ
1765 4155 1828 4202 11
1867 4147 2103 4204 dicimus
2144 4147 2263 4202 Fa
2286 4149 2305 4218 ΙΙ
2340 4145 2597 4230 iuuenior
2636 4153 2755 4208 ΕΘ
2780 4157 2797 4226 ΙΙ
2824 4157 2975 4210 intra
3012 4157 3271 4210 iuuenem

721 4225 908 4278 cutem
943 4227 1030 4280 est
1065 4223 1190 4280 Fa
1243 4227 1396 4280 intra
1429 4223 1780 4280 iuuentutem
1817 4223 1906 4274 est
1939 4219 2077 4274 coni.
2118 4217 2401 4286 Hayenas.
2454 4235 2521 4272 m
2554 4225 2843 4294 archetypo
2882 4229 3059 4280 tutem
3098 4243 3275 4296 supra

719 4311 810 4350 em
843 4295 1064 4350 videtur
1095 4297 1360 4364 scriptum
1395 4295 1568 4362 fuisse
1593 4295 1612 4364 ΙΙ
1645 4297 1706 4346 12
1747 4307 1782 4344 a
1817 4307 1918 4344 om.
1945 4289 2001 4344 Cr*
2028 4291 2045 4358 11
2070 4289 2283 4370 tractat
2306 4287 2365 4340 R
2420 4287 2659 4346 tractam
2692 4295 2765 4348 H
2808 4297 3073 4354 tracitata
3102 4299 3219 4354 FG
3266 4299 3275 4370 Ι

721 4365 1016 4420 confirmat
1055 4367 1110 4420 et
1147 4365 1360 4420 Plinius
1401 4383 1500 4420 om.
1541 4365 1622 4430 F,
1671 4365 1728 4416 et
1765 4361 1979 4414 Plinius
2022 4403 2033 4414 .
2064 4403 2075 4414 .
2110 4401 2123 4412 .
2162 4359 2351 4414 vindls
2390 4373 2487 4412 mn.
2530 4361 2579 4414 6-
2634 4367 2651 4434 ΙΙ
2704 4369 2789 4438 et]
2836 4369 3013 4424 etiam
3056 4373 3215 4438 vulyo
3266 4373 3273 4442 ι

717 4435 928 4506 plinius
963 4455 1030 4492 ex
1067 4437 1288 4508 plenius
1323 4435 1368 4490 S
1411 4439 1430 4508 ΙΙ
1477 4443 1546 4490 13
1581 4453 1678 4488 SED
1717 4449 1894 4514 choA
1923 4433 1973 4486 A
2024 4433 2041 4502 ΙΙ
2082 4449 2149 4484 ΤΟ
2186 4447 2375 4484 Aenon
2410 4427 2463 4482 R
2522 4431 2603 4488 ΤΟ
2642 4439 2825 4494 aetion
2856 4445 2909 4494 A
2966 4461 3035 4496 ΤΟ
3070 4461 3275 4496 uo'r10n

721 4507 766 4562 S
817 4525 884 4562 το
923 4525 1114 4564 aenon
1147 4505 1210 4564 H
1259 4507 1478 4564 toetion
1507 4505 1582 4560 M
1617 4507 1678 4558 to
1707 4505 1934 4558 aeotion
1964 4503 2027 4556 F
2048 4504 2065 4574 {l
2096 4507 2165 4556 14
2198 4517 2271 4556 nc
2300 4501 2743 4562 contemneretur
2778 4513 2885 4568 huc
2910 4515 3229 4582 transposui

727 4583 792 4634 15
829 4581 1264 4654 extremitatem]
1309 4583 1366 4634 et
1405 4575 1808 4634 estremitatem
1843 4591 1918 4630 ne
1956 4575 2443 4652 contempneretur
2470 4573 2589 4630 FG
2618 4581 2637 4650 ΙΙ
2666 4587 2729 4634 17
2774 4583 2891 4640 eius
2922 4585 3109 4654 prima
3148 4587 3223 4638 M
3230 4513 3275 4712 δη

721 4651 1032 4720 autumpno
1071 4653 1132 4706 F
1181 4655 1198 4724 ΙΙ
1253 4649 1508 4708 autumni
1547 4693 1558 4706 .
1599 4689 1610 4702 .
1657 4691 1668 4702 .
1705 4646 1888 4717 aestu]
1939 4649 2135 4700 autum
2180 4643 2443 4698 nuncalm
2490 4651 2651 4704 castu
2692 4653 2765 4708 H
2808 4657 2827 4726 ΙΙ
2882 4655 3121 4714 incaluit
3164 4657 3215 4708 A

719 4735 974 4832 inogduit
1003 4781 1078 4832 M
1099 4781 1120 4851 ιι
1151 4783 1216 4834 13
1245 4779 1436 4834 aestus
1463 4773 1582 4828 ΓΘ
1609 4775 1626 4842 fl
1657 4769 1910 4852 pluuium
1937 4769 1989 4826 G
2018 4773 2035 4842 ΙΙ
2060 4767 2291 4850 solin
2310 4769 2327 4838 ΙΙ
2356 4773 2423 4820 22
2450 4771 2711 4830 scholium
2738 4781 2813 4836 ad
2840 4797 2891 4836 v.
2920 4785 3021 4832 311
3052 4797 3155 4836 om.
3176 4781 3227 4836 G
3254 4781 3273 4854 Ιι

721 4853 792 4900 24
829 4849 988 4914 quasi
1027 4867 1094 4904 eoe
1131 4867 1306 4920 quasa
1333 4849 1412 4904 M
1435 4851 1452 4918 ΙΙ
1479 4851 1602 4902 ater
1637 4843 1804 4898 frices
1833 4841 1975 4898 Fe:
2018 4841 2107 4898 ate
2148 4841 2309 4894 fnees
2336 4837 2447 4892 As
2492 4845 2583 4898 ate
2620 4847 2775 4904 fricis
2804 4853 2873 4904 H
2918 4851 3103 4908 africis
3136 4853 3209 4908 M
3216 4871 3271 4908 a.

721 4919 962 4986 spatium
1009 4923 1258 4976 relictam
1309 4925 1384 4976 est
1429 4921 1490 4974 in
1537 4913 1834 4982 Reyineasi
1877 4915 2025 4982 quod
2072 4907 2187 4964 ἀπὸ
2232 4929 2441 4980 φρικας
2486 4917 2727 4974 scribens
2780 4925 3011 4992 explevit
3046 4925 3269 4980 Daniel.

2704 4991 2715 5004 Ο

721 4987 838 5044 ἄνα
875 4991 1114 5060 φρίκους
1151 4993 1460 5062 Stephamos
1495 4997 1548 5044 et
1577 4987 1786 5042 Daniel
1821 4979 1963 5040 ἄνευ
2002 4985 2241 5054 φρίκους
2282 4981 2589 5040 Masvicius
2714 5009 2837 5048 mus
2864 4995 2885 5066 ΙΙ
2924 5001 2987 5050 25
3028 4997 3091 5050 uf,
3130 4995 3271 5052 dixi-

721 5079 844 5116 mus
883 5081 1052 5142 supra
1087 5081 1186 5118 om.
1217 5065 1270 5118 A
1299 5067 1318 5134 ΙΙ
1359 5063 1560 5118 aficam
1593 5057 1714 5114 FG'·
2614 5007 2713 5312 Ἴ
