3900 5784
671 659 800 724 262
1823 651 2063 710 SERVH

755 865 762 868 -
845 819 998 884 412.
1069 833 1394 884 EXEROET
1441 835 1664 884 PENso
1709 817 1977 902 fatigat:
2044 813 2385 880 Terentius
2436 815 2681 900 primo
2740 819 2925 882 haec
2982 817 3225 882 vitam

669 949 898 1014 parce
953 947 1038 990 ac
1091 923 1392 990 duriter
1445 927 1750 1012 agebat.
1839 923 1995 990 hinc
2042 945 2193 1008 ergo
2244 923 2445 988 traxit
2492 921 2821 1008 Vergilius
2870 927 2939 988 ut
2990 923 3225 986 diceret

671 1035 944 1098 castum
991 1035 1066 1098 ut
1115 1053 1370 1098 servare
1417 1033 1628 1098 cubile
1667 1029 2007 1116 coniugis',
2050 1031 2121 1096 id
2154 1035 2241 1096 est
2274 1053 2349 1094 ne
2386 1035 2637 1112 cogatur
2674 1037 2923 1114 propter
2956 1051 3225 1114 pauper-

671 1149 854 1206 tatem
889 1143 1190 1224 pudorem
1235 1143 1516 1206 deserere.
1643 1199 1648 1202 .
2296 1191 2299 1194 .

599 1261 632 1308 5
845 1247 1496 1314 414.1GN1POTENS
1553 1245 1916 1332 VulcanUS,
1960 1249 2037 1310 ut
2082 1245 2361 1310 diximus
2410 1243 2485 1326 <Ι
2528 1245 2717 1328 171>,
2764 1221 2933 1330 ignis
2986 1251 3117 1330 est,
3160 1247 3229 1308 et

673 1357 882 1422 dictus
921 1353 1254 1420 Vulcanus
1293 1355 1478 1440 quasi
1517 1353 1904 1438 Volicanus,
1949 1353 2125 1438 quod
2168 1373 2285 1434 per
2322 1367 2561 1416 aerem
2584 1353 2787 1434 volet3
2832 1353 3005 1438 ignis
3050 1351 3227 1416 enim

675 1485 706 1528 e
753 1461 1034 1526 nubibus
1079 1463 1384 1526 nascitur.
1475 1461 1646 1526 unde
1693 1461 1892 1526 etiam
1937 1461 2265 1524 Homerus
2322 1457 2479 1522 dicit
2534 1479 2677 1522 eum
2726 1459 2801 1522 de
2852 1481 2999 1524 aere
3044 1479 3227 1542 prae-

673 1569 1012 1690 cipitatum
1067 1569 1140 1634 in
1191 1573 1430 1650 terraS,
1489 1569 1660 1654 quod
1715 1589 1906 1632 omne
1960 1569 2209 1632 fulmen
2258 1565 2331 1628 de
2382 1585 2527 1628 aere
2574 1565 2767 1630 cadit.
2832 1565 3031 1650 quod
3078 1565 3231 1650 quia

675 1679 902 1742 crebro
955 1677 1028 1740 in
1069 1675 1390 1742 Lemnum
1443 1677 1726 1740 insulam
1785 1677 2045 1760 iacitur,
2106 1673 2253 1738 ideo
2306 1673 2379 1736 in
2430 1695 2575 1736 eam
2634 1671 2871 1738 dicitur
2922 1673 3231 1738 cecidisse

571 1797 636 1844 10
675 1785 1024 1852 Vulcanus
1087 1785 1352 1850 claudus
1397 1789 1614 1850 autem
1653 1785 1904 1870 dicitur,
1943 1785 2097 1868 quia
2134 1805 2249 1868 per
2284 1765 2479 1846 natur
2482 1803 2585 1844 am
2626 1803 2977 1866 numquam
3014 1785 3231 1846 rectus

677 1895 776 1956 est
817 1893 1010 1976 ignis,
1187 1919 1304 1960 Nnc
1343 1917 1610 1956 TEMPORE
1653 1917 1898 1956 smmon
1939 1917 2073 1958 Ino
2122 1891 2265 1956 bene
2304 1891 2783 1972 comparationis
2826 1889 3233 1954 similitudini

673 2001 794 2064 duo
837 1977 1132 2076 reddidit,
1173 1999 1628 2080 festinationem
1671 2001 1730 2058 et
1771 1997 2163 2062 industriam.

851 2103 998 2168 415.
1073 2121 1172 2168 AD
1215 2121 1552 2168 FABRILIA
1607 2103 1784 2166 dura.
1855 2105 1922 2166 et
1968 2123 2045 2166 ex
2076 2101 2433 2166 'contrariis
2486 2101 2793 2184 epithetis
2838 2103 2999 2166 fecit
3042 2125 3233 2166 orna—

675 2217 838 2296 tum„
899 2211 1112 2274 dicens
1163 2211 1506 2276 ‘mollibus
1553 2231 1586 2272 e
1637 2207 1856 2272 stratis
1907 2209 2185 2274 surrexit
2234 2207 2311 2272 ad
2362 2229 2557 2290 opera
2604 2207 2911 2272 fabrilia'.

571 2331 640 2378 15
853 2319 1006 2384 416.
1075 2335 1334 2384 INSVLA
1401 2333 1728 2382 SIOANIVM
1797 2331 2017 2380 IVXTA
2080 2329 2305 2380 LATVS
2370 2331 2825 2408 AEOLIAMQVE:
2896 2331 3235 2380 ‘ERIGITVR

679 2443 980 2490 LIPAREN
1027 2407 1444 2510 physiologia
1485 2427 1610 2508 est,
1659 2445 1772 2488 cur
1797 2421 2129 2488 Vulcanus
2168 2423 2237 2488 in
2272 2421 2375 2486 his
2418 2421 2577 2486 locis
2620 2421 2947 2488 officinam
2996 2421 3235 2486 habere

679 2535 958 2618 fingatur
1007 2533 1178 2598 inter
1211 2535 1494 2596 Aetnam
1545 2537 1610 2594 et
1653 2529 1959 2616 Liparen:
2014 2529 2259 2596 scilicet
2300 2533 2569 2612 propter
2616 2529 2831 2616 ignem
2882 2533 2945 2594 et
2992 2533 3237 2616 ventos,

611 2711 614 2716 ,
679 2627 842 2726 quae
901 2643 1056 2722 apta
1103 2643 1256 2704 sunt
1297 2639 1526 2712 fabris.
1597 2637 1957 2702 ‘Aeoliam'
2010 2641 2223 2702 autem
2274 2635 2619 2722 ‘Liparen’
2664 2637 2837 2722 ideo,
2900 2637 3051 2720 quia
3106 2659 3237 2702 una

681 2751 782 2812 est
827 2745 904 2812 de
947 2745 1078 2811 illis
1129 2751 1378 2832 septem
1423 2745 1684 2830 insulis,
1733 2745 1802 2808 in
1849 2745 2081 2830 quibus
2130 2743 2375 2808 Aeolu's
2418 2745 2781 2826 imperavit.

573 2867 644 2916 20
857 2855 1008 2920 418.
1079 2879 1272 2920 Exn-'SA
1315 2879 1556 2920 GAMINIS
1599 2853 1618 2880 ⁶
1633 2849 1840 2916 exesa'
1889 2853 1977 2916 ad
2016 2855 2199 2916 usum
2244 2853 2651 2932 caminorum,
2694 2853 2805 2934 Qui
2848 2857 2997 2916 301οέ
3028 2849 3235 2938 Cyclo-

657 2953 662 2956 ’
671 2983 860 3044 pum:
911 2983 996 3026 aaz
1043 2961 1336 3026 ‘caminis
1383 2959 1586 3026 exesa’
1623 2981 1746 3042 pro
1793 2957 2059 3042 ‘cymbas
2104 2957 2347 3024 eccesa'?
2664 2945 2667 2948 ⁴

857 3069 1010 3132 419.
1079 3087 1314 3132 ANTRA
1357 3085 1684 3132 AETNAEA
1735 3083 2021 3132 TONANT
2076 3067 2593 3150 magnitudinem
2640 3069 2887 3132 ictuum
2934 3069 3237 3152 ostendit,

683 3177 918 3260 quibus
975 3177 1172 3240 etiam
1225 3175 1424 3240 vicini
1481 3177 1732 3240 montes
1781 3175 2211 3262 resultabant:
2268 3177 2381 3238 aut
2424 3177 2599 3238 certe
2646 3171 3005 3240 ‘Aetnaea'
3048 3177 3239 3260 quasi

683 3281 932 3348 Aetnae
981 3281 1164 3348 dixit.
1619 3367 1628 3374 ,
2710 3289 2717 3300 “

573 3403 644 3450 25
857 3391 1008 3454 420.
1079 3407 1328 3456 AVDITI
1379 3407 1752 3454 REFERVNT
1799 3405 2103 3454 GEMITVS
2154 3389 2309 3454 echo
2360 3387 2643 3454 breviter
2690 3387 3099 3474 significavit.

681 3525 720 3562 A
733 3525 904 3568 VDITI„
917 3499 974 3564 R.
1001 3499 1074 3576 0.]
1115 3501 1186 3564 id
1217 3503 1306 3564 est
1337 3499 1664 3578 referentes
1691 3497 1953 3580 yemitus
1984 3499 2325 3562 audiuntur
2338 3519 2361 3560 .·
2396 3517 2529 3560 0010
2556 3501 2725 3562 cmm
2750 3499 2935 3582 prius
2972 3499 3237 3564 audiun-

683 3609 788 3670 tur
821 3609 880 3668 et
909 3609 1116 3686 postea
1153 3607 1430 3686 referunt
1455 3607 1736 3688 yemitus.
1787 3609 1989 3688 potest
2022 3609 2079 3670 et
2114 3605 2205 3670 bis
2242 3603 2507 3686 inbellem
2538 3607 2755 3672 audiri
2796 3627 2919 3690 003,
2952 3607 3239 3690 primum

831 3805 856 3850 1
901 3797 1214 3880 Terentius]
1257 3801 1424 3852 Andr.
1463 3799 1490 3850 I
1531 3805 1574 3864 1,
1613 3803 1682 3852 47
1709 3799 1730 3867 ΙΙ
1775 3801 1806 3852 5
1843 3795 2129 3852 Vulcanus
2168 3837 2181 3850 .
2212 3839 2223 3852 .
2258 3797 2481 3868 ,ignis]
2522 3813 2693 3856 exscr.
2736 3801 3015 3870 mythogr.
3052 3799 3107 3852 Il
3142 3805 3241 3866 403

683 3871 766 3924 III
803 3875 886 3936 10,
925 3873 982 3936 4;
1033 3869 1166 3924 Isid.
1205 3889 1282 3924 or.
1319 3871 1452 3924 VIII
1493 3875 1574 3938 11,
1613 3875 1682 3924 39
1711 3887 1830 3938 sqq.
1877 3873 1896 3942 ΙΙ
1941 3875 2011 3924 16
2046 3869 2403 3940 physiologia
2438 3873 2575 3924 est
2612 3915 2625 3926 .
2656 3913 2667 3924 .
2704 3871 3027 3942 imperavit]
3068 3887 3239 3926 exscr.

683 3943 966 4012 mythogr.
1007 3941 1086 3994 III
1129 3949 1208 4008 10,
1251 3949 1282 3996 5
1367 3999 1370 4002 ,
2954 3973 2957 3976 ’

825 4125 858 4174 2
899 4121 986 4190 ac]
1027 4119 1132 4174 hae
1169 4119 1296 4174 RF
1325 4123 1344 4190 ΙΙ
1393 4119 1660 4190 Uergilius
1697 4119 1762 4172 F
1793 4121 1808 4190 Ι]
1859 4127 1890 4174 3
1927 4123 2005 4176 ad
2040 4139 2241 4174 cAs'rvM
2278 4141 2325 4174 v.
2370 4141 2409 4176 s.
2448 4141 2497 4176 0.
2534 4137 2683 4190 supr.
2724 4139 2857 4176 vers,
2896 4139 2967 4176 ne
3008 4123 3243 4190 cogatur

777 4191 1076 4246 ,deserere
1121 4193 1172 4246 Τ
1209 4195 1230 4262 ΙΙ
1277 4199 1316 4244 4
1357 4191 1598 4260 pudores
1629 4191 1688 4244 F
1729 4193 1748 4262 ΙΙ
1793 4197 1824 4244 5
1863 4193 1928 4246 ut
1964 4191 2205 4244 diximus
2246 4209 2413 4260 supra
2446 4193 2583 4246 RH·
2622 4197 2639 4264 Ι]
2682 4201 2715 4248 6
2754 4191 2911 4262 quasi
2952 4191 3241 4248 volicanus

683 4279 784 4318 om.
821 4261 878 4314 R
905 4264 924 4333 ΙΙ
959 4269 990 4314 ’7
1033 4263 1084 4330 0]
1127 4279 1226 4316 om.
1267 4263 1316 4316 L
1355 4265 1508 4330 (add
1543 4263 1610 4330 Z),
1653 4281 1716 4316 ex
1757 4263 1830 4314 M
1847 4265 1870 4332 ΙΙ
1913 4267 1944 4314 8
1982 4263 2213 4316 fulmen
2236 4281 2331 4316 om
2376 4265 2423 4316 L
2448 4267 2469 4332 ΙΙ
2516 4271 2547 4318 9
2586 4265 2645 4320 in
2682 4283 2751 4320 ea
2784 4265 2907 4318 LH
2932 4265 2953 4332 ΙΙ
3004 4269 3067 4316 10
3106 4263 3239 4316 Vul-

683 4335 878 4404 canus]
911 4333 1012 4386 ubi
1037 4347 1166 4386 eum
1187 4333 1394 4388 Sinties
1421 4333 1780 4388 nutriuerunt
1803 4335 1930 4388 add.
1945 4335 1995 4386 Ι
1998 4335 2253 4386 abricius
2274 4335 2293 4402 11
2320 4335 2529 4422 rectus]
2544 4339 2809 4420 repertus
2834 4335 2903 4390 H
2922 4337 2939 4404 Ι]
2972 4341 3035 4386 11
3066 4335 3237 4426 ignis]

683 4407 792 4458 hoc
829 4403 1004 4458 enim
1019 4419 1082 4458 ex
1121 4405 1364 4458 Homero
1403 4407 1648 4458 tractum
1681 4403 1782 4458 ubi
1817 4403 1957 4458 dicit
1996 4405 2297 4474 (111590)
2336 4401 2445 4474 ἤδη
2486 4403 2593 4474 γάρ
2632 4427 2743 4478 με.
2802 4401 3033 4474 ,θυμὸς
3068 4401 3241 4474 ἐνῆεν
3326 4407 3329 4410 ’

685 4477 812 4530 add.
851 4475 1172 4530 Fabricius
1207 4477 1334 4544 ipsa
1373 4475 1602 4530 Homeri
1637 4477 1798 4530 verba
1833 4477 1894 4528 D
1929 4495 2139 4544 quoque
2170 4479 2329 4532 habet
2364 4479 2383 4548 fl
2422 4479 2499 4530 ad
2534 4499 2633 4532 Nae
2670 4501 2719 4534 r.
2760 4497 2799 4532 s,
2838 4497 2875 4532 1.
2914 4493 3063 4544 supr.
3106 4493 3239 4532 vers.

685 4547 918 4618 pigrior
971 4549 1114 4602 bene
1163 4545 1570 4614 comparationi
1619 4547 1728 4600 duo
1775 4545 1961 4602 reddit
1998 4547 2413 4602 festinationem
2448 4551 2511 4602 et
2544 4549 2871 4602 industriam
2916 4547 2969 4600 Τ
3016 4549 3035 4616 ΙΙ
3092 4567 3241 4604 com-

683 4619 968 4688 parationi
1007 4617 1080 4686 F,
1119 4635 1256 4674 corr.
1295 4619 1506 4674 Daniel
1547 4621 1566 4686 11
1623 4623 1688 4672 13
1729 4617 1870 4672 dura
1907 4635 2005 4676 om.
2044 4621 2115 4674 H
2152 4623 2169 4692 ΙΙ
2222 4617 2363 4674 facit
2396 4619 2507 4674 AS
2544 4623 2565 4688 ΙΙ
2622 4627 2685 4674 14
2728 4637 2757 4674 0
2792 4635 2893 4672 om.
2934 4619 3183 4674 ASLH
3224 4621 3243 4692 Ι]

641 4701 646 4706 ’
689 4697 754 4744 17
793 4691 1036 4758 fingatur
1061 4659 1280 4746 habere
1319 4689 1376 4746 R
1403 4693 1422 4762 ΙΙ
1465 4695 1532 4746 18
1569 4689 1730 4758 apta]
1773 4695 2007 4760 accepta
2042 4693 2113 4746 Η
2132 4695 2149 4764 ΙΙ
2182 4691 2275 4746 ide
2310 4691 2439 4742 LH
2462 4693 2481 4760 ΙΙ
2508 4691 2675 4770 quia]
2704 4707 2847 4758 quae
2884 4691 2933 4744 L
2992 4691 3089 4760 qui
3126 4695 3193 4746 H
3222 4693 3243 4764 Η

687 4767 756 4816 20
803 4763 878 4814 ad
913 4779 1080 4816 ExEsA
1119 4781 1164 4818 0.
1201 4779 1354 4832 supr.
1393 4779 1528 4818 vers.
1565 4761 1640 4814 ad
1683 4777 1844 4814 usum
1893 4757 2237 4818 caminorum
2284 4779 2447 4816 exesa
2496 4779 2615 4814 siue
2660 4761 2885 4830 ignibus
2932 4781 3099 4824 exesa
3140 4765 3189 4816 Τ
3224 4765 3243 4836 Η

685 4851 914 4886 ExsEssA
949 4833 1014 4886 F
1033 4835 1052 4902 Ι]
1087 4851 1282 4890 exsesa
1317 4833 1384 4886 F
1403 4837 1422 4904 ΙΙ
1463 4841 1532 4890 23
1569 4833 1732 4902 quasi
1767 4849 1938 4890 aenea
1976 4835 2113 4902 AS,
2148 4851 2249 4888 om.
2286 4833 2349 4884 F
2380 4835 2399 4902 Ι]
2438 4839 2507 4884 25
2544 4851 2747 4886 anmw
2780 4835 2835 4888 A
2872 4837 2891 4904 Ι]
2926 4835 3065 4890 echo
3104 4835 3239 4890 AS:

685 4905 824 4958 echo
863 4905 924 4956 et
957 4905 1034 4956 M
1081 4909 1142 4962 et
1175 4906 1286 4960 hoc
1319 4905 1512 4962 RLF
1547 4907 1596 4974 (c
1635 4905 1732 4960 del.
1773 4905 1810 4974 Ζ)
1869 4907 2117 4962 haeehoc
2154 4905 2225 4960 H
2252 4909 2271 4976 ΙΙ
2310 4905 2387 4958 ad
2418 4921 2603 4958 Avm'n
2640 4925 2685 4958 R
2728 4923 2775 4958 G.
2814 4923 2967 4976 supr.
3006 4923 3137 4962 vers.
3178 4907 3241 4960 id

687 4977 776 5030 est
811 4973 1100 5028 audientes
1155 4977 1210 5030 id
1261 4979 1344 5032 est
1381 4977 1682 5032 referentes
1731 4977 1971 5046 gemitus
2022 4977 2333 5030 audiuntur.
2410 4991 2521 5028 non
2556 4977 2703 5028 enim
2744 4977 2897 5046 prius
2934 4977 3239 5032 audiuntur

687 5049 746 5100 et
763 5049 978 5172 dposteFa
1015 5047 1328 5104 referuntur
1367 5049 1606 5118 gemitus
1651 5049 1698 5100 Τ
1721 5049 1742 5116 ΙΙ
1785 5055 1850 5102 26
1891 5049 2113 5120 genitus
2150 5049 2209 5102 F
2234 5049 2251 5118 ΙΙ
2290 5053 2359 5100 27
2398 5046 2619 5118 genitus
2650 5031 2715 5202 §1⁴
2740 5051 2757 5120 ΙΙ
2796 5049 2979 5104 audiri
3014 5051 3237 5118 scripsi:

689 5137 762 5172 au
801 5137 882 5174 ire
2836 5163 2839 5166 ,

2624 5203 2651 5304 ll
