3900 5784
729 607 814 672 46
1539 607 1544 612 ’
1887 609 2133 664 SERVII

729 772 894 838 alios
947 771 1314 854 transferri,
1377 777 1446 836 ut
1501 769 1716 852 (315)
1763 771 2029 836 navita
2086 771 2215 834 sed
2270 771 2561 856 tristis;
2624 791 2739 852 per
2784 769 2953 834 alios
2998 769 3285 852 purgari,

723 883 798 942 ut
843 877 1062 960 <740>
1113 879 1314 942 aliae
1371 875 1812 960 panduntur
1869 877 2139 940 inanes
2196 897 2621 960 suspensae
2674 875 2767 940 ad
2812 875 3115 956 ventos3
3168 895 3285 958 per

725 985 892 1048 alios
935 1005 1088 1048 vero
1139 985 1218 1048 ad
1267 1005 1520 1048 summa
1569 981 1886 1066 revocari,
1943 987 2023 1046 ut
2064 983 2283 1066 (749)
2332 983 2753 1048 Lethaeum
2806 981 2899 1046 ad
2952 981 3283 1044 fluvium

653 1095 684 1144 5
723 1089 906 1154 deus
969 1095 1242 1156 evocat
1309 1089 1612 1176 agmine
1675 1109 1973 1174 magno,
2064 1089 2273 1154 sciens
2336 1109 2491 1172 ergo
2550 1089 2629 1152 de
2686 1089 2947 1154 deorum
3008 1085 3283 1170 imperio

599 1245 622 1272 -‚
725 1197 938 1262 varias
979 1219 1120 1260 esse
1159 1197 1524 1282 opiniones,
1557 1195 2055 1280 prudentissime
2094 1195 2305 1258 tenuit
2344 1195 2853 1280 generalitatem.
2922 1215 3001 1258 ex
3034 1193 3283 1258 maiore

723 1307 940 1368 autem
987 1309 1172 1390 parte
1221 1305 1542 1388 Sironem,
1601 1303 1666 1368 id
1713 1305 1814 1368 est
1863 1301 2255 1386 magistrum
2298 1323 2489 1366 61111111
2532 1299 2927 1386 Epicureum
2976 1301 3281 1384 sequitur.

717 1411 914 1476 huius
975 1415 1192 1476 autem
1257 1417 1466 1476 sectae
1527 1411 1816 1476 homines
1879 1409 2173 1474 novimus
2240 1409 2645 1492 superficiem
2704 1429 2921 1472 rerum
2984 1409 3281 1490 tractare,

719 1539 1074 1602 numquam
1125 1521 1360 1584 altiora
1407 1517 1780 1602 disquirere.
1960 1533 2385 1592 VMBRAEQVE
2428 1533 2767 1580 SILENTES
2818 1515 3075 1578 secreta
3120 1513 3283 1578 infe—

719 1647 942 1690 rorum
993 1647 1246 1712 semper
1293 1623 1578 1690 silentia:
1627 1647 1780 1688 nam
1823 1625 2165 1690 hominum
2212 1623 2481 1688 umbrae
2526 1622 2897 1706 loquuntur.
2984 1621 3137 1686 hinc
3180 1623 3283 1698 est

617 1749 684 1796 10
721 1755 912 1818 quae
975 1755 1194 1798 sacra
1261 1731 1582 1798 silentia
1641 1733 1944 1796 norunt.
2038 1731 2297 1796 invocat
2358 1735 2573 1796 autem
2638 1749 2959 1794 summum
3018 1727 3279 1812 bonum,

721 1839 894 1922 quod
937 1841 1008 1904 in
1055 1839 1316 1904 silentio
1365 1839 1664 1902 oon-stare
1709 1837 2133 1900 manifestum
2178 1841 2293 1900 est.

899 1947 1072 2012 265„
1121 1965 1212 2010 ΕΤ
1263 1963 1488 2010 OHAOS
1549 1945 2019 2010 elementorum
2072 1943 2383 2010 confusio.
2474 1947 2737 2010 invocat
2788 1947 3007 2008 autem
3060 1965 3277 2010 rerum

719 2055 1102 2138 primordia,
1167 2075 1330 2138 quae
1389 2055 1452 2126 in
1513 2051 1977 2116 elementorum
2030 2051 2293 2116 fuerunt
2350 2049 2743 2116 confusione.
2832 2073 2949 2136 per
3002 2049 3277 2136 Phlege-

719 2160 978 2244 thonta,
1017 2161 1368 2226 inferorum
1409 2159 1702 2242 fluvium,
1741 2159 1959 2242 ignem
2000 2157 2353 2242 significat:
2398 2181 2549 2222 nam
2584 2153 2755 2242 φλὸξ
2788 2179 3051 2242 graece„
3072 2159 3277 2222 latine

619 2283 684 2332 15
721 2265 900 2350 ignis
939 2267 1062 2350 est3
1111 2259 1280 2330 unde
1317 2265 1662 2332 secundum
1701 2265 2107 2330 Heraclitum
2146 2269 2373 2330 cuncta
2410 2269 2849 2348 procreantur.
2918 2269 2987 2330 et
3020 2287 3089 2328 re
3126 2287 3277 2328 vera

719 2373 864 2438 sine
921 2373 1132 2438 calore
1185 2373 1348 2436 nihil
1407 2371 1722 2456 nascitur,
1791 2373 1944 2436 adeo
2014 2373 2085 2436 ut
2152 2373 2227 2436 de
2284 2373 2723 2456 septentrione
2778 2371 2953 2436 dicat
3016 2371 3279 2436 sterili

717 2503 868 2544 non
927 2481 1332 2564 quicquam
1393 2481 1692 2566 frigore
1749 2479 2025 2566 gignit.
2200 2495 2389 2544 LOCA
2430 2495 2665 2544 NOCTE
2716 2497 3043 2544 SILENTIA
3090 2497 3275 2544 LATE

717 2591 832 2652 aut
869 2589 992 2652 hoc
1033 2591 1132 2652 est
1169 2589 1336 2672 quod
1377 2609 1572 2674 supra
1611 2589 1702 2652 ait
1743 2587 2167 2670 ‘umbraeque
2204 2587 2473 2652 silentes
2488 2587 2529 2670 ⁹,
2572 2591 2687 2652 aut
2726 2587 2871 2652 vult
2914 2587 3275 2670 ostendere,

717 2715 858 2758 esse
921 2699 1172 2778 partem
1231 2695 1484 2778 mundi,
1549 2693 1620 2756 in
1679 2715 1806 2776 qua
1865 2697 2215 2778 perpetuae
2280 2697 2429 2756 sunt
2486 2695 2805 2758 tenebrae.
2902 2715 3045 2756 611111
3106 2693 3275 2756 6111111

611 2819 680 2868 20
717 2801 1066 2884 probatum
1125 2801 1212 2864 sit
1269 2801 1438 2886 quod
1493 2799 1772 2884 legimus
1839 2805 1914 2866 et
1978 2799 2293 2864 minima
2356 2803 2767 2864 contentos
2818 2795 3045 2864 nocte
3104 2799 3272 2864 Bri-

715 2911 846 2972 tan
861 2929 1032 2992 1106,
1095 2907 1410 2990 sphaerae
1467 2907 1672 2992 exigit
1729 2907 1926 2992 ratio,
1992 2909 2065 2970 ut
2122 2931 2155 2970 e
2210 2907 2533 2972 contrario
2592 2905 2679 2970 sit
2734 2907 2915 2990 regio
2972 2907 3273 2972 noctibus

715 3037 974 3080 vacans.
2982 3083 2989 3088 ,

833 3189 838 3194 ,
897 3123 1044 3188 266.
1119 3141 1222 3188 611ἱ
1281 3141 1438 3188 inm
1495 3139 1622 3188 FAs
1669 3139 1936 3192 Avm'rA
1992 3139 2209 3198 LOQVI
2266 3117 2341 3184 de
2398 3123 2533 3186 alta
2590 3123 2879 3186 dicturus
2932 3121 3277 3206 prudentia

713 3231 946 3294 miscet
1007 3231 1332 3314 poeticam
1399 3229 1748 3296 licentiam.
1927 3245 2035 3294 srr
2098 3245 2373 3292 NVMINE
2432 3245 2707 3294 VESTRO
2782 3229 3169 3294 concedatur
3238 3251 3275 3294 a

611 3355 680 3406 25
717 3339 936 3402 vestro
981 3339 1266 3402 numine.

893 3445 1042 3510 267.
1113 3463 1302 3510 ALTA
1347 3461 1580 3510 TERRA
1627 3461 1716 3506 ΕΤ
1769 3459 2095 3508 CALIGINE
2144 3459 2413 3506 MERSAS
2458 3441 2625 3506 bene
2668 3441 2907 3506 iunxit:
2952 3465 3031 3506 ex
3076 3443 3269 3508 terris

715 3551 912 3614 enim'
937 3551 1152 3634 caligo
1195 3555 1600 3636 procreatur,
1647 3549 1710 3612 id
1761 3553 1858 3614 est
1905 3539 2153 3614 umbra.

891 3657 1042 3724 268.
1115 3675 1414 3722 OBSCVRI
1449 3675 1630 3722 SOLA
1665 3673 1794 3720 SVB
1831 3673 2065 3720 NOCTE
2116 3657 2227 3720 aut
2274 3653 2623 3738 hypallage
2664 3661 2767 3720 est
2810 3655 2951 3720 ‘sub
2994 3657 3271 3722 obscura

711 3767 906 3830 nocte.
951 3765 1074 3830 soli
1119 3765 1366 3828 ibant':
1425 3767 1540 3828 aut
1583 3761 1740 3828 ‘sub
1789 3763 1932 3826 sola
1974 3759 2219 3846 nocte',
2274 3761 2339 3824 id
2400 3765 2499 3826 est
2548 3763 2665 3826 ubi
2716 3763 2881 3828 nihil
2934 3761 3115 3826 aliud
3168 3767 3271 3828 est

605 3891 676 3942 30
711 3875 972 3958 praeter
1017 3875 1292 3938 noctem.

891 3981 1040 4044 269.
1119 3995 1390 4044 DOMOS·
1425 3993 1692 4044 VACVAS
1767 3977 1971 4042 nostri
2044 3977 2271 4040 mundi
2332 3977 2845 4060 comparatione:
2922 3977 3271 4066 simulacra

711 4087 886 4150 enim
929 4087 1066 4152 illic
1113 4091 1290 4170 sunt,
1333 4109 1498 4176 quae
1545 4077 1766 4148 inania
1811 4107 1950 4150 esse
2000 4107 2133 4150 non
2178 4083 2443 4148 dubium
2482 4089 2601 4148 est.
2738 4101 2989 4148 INANIA
3026 4101 3267 4148 REGNA

709 4193 1026 4256 inanium:
1073 4215 1190 4276 per
1235 4195 1404 4278 quod
1451 4191 1814 4256 ostenditur
1857 4213 2155 4256 vacuum.
3238 4179 3241 4182 ⁴

661 4415 664 4418 ⁴
711 4419 786 4476 ad
819 4355 936 4474 11161
961 4347 1164 4418 sterili]
1221 4349 1352 4402 Luo.
1393 4347 1468 4402 IV
1509 4353 1610 4400 108
1667 4349 1684 4416 ιι
1749 4353 1816 4402 20
1853 4349 1914 4402 et
1935 4317 2203 4418 minima]
2266 4347 2379 4400 Iuv.
2420 4351 2521 4404 sat.
2560 4347 2615 4398 11
2656 4353 2773 4400 161.
2830 4347 2901 4400 of.
2938 4347 3115 4404 schol.
3154 4351 3265 4404 vet.

855 4569 888 4616 3
927 4563 1212 4618 loetheum
1247 4563 1306 4614 R
1357 4561 1608 4616 letheum
1649 4561 1720 4614 Η
1761 4561 2049 4616 laetheum
2084 4563 2229 4616 AM
2262 4565 2281 4632 ΙΙ
2322 4567 2359 4614 4
2398 4563 2551 4634 ergo]
2594 4561 2747 4618 enim
2786 4565 2863 4616 M
2904 4567 2921 4636 ΙΙ
2968 4569 3001 4618 8
3038 4563 3267 4620 inferio-

655 4691 664 4698 „
709 4651 832 4686 rum
869 4633 926 4686 R
953 4635 970 4704 ΙΙ
999 4641 1032 4688 9
1067 4635 1330 4688 locuntur
1361 4635 1418 4686 A
1445 4635 1462 4704 ΙΙ
1491 4637 1560 4686 10
1597 4641 1770 4702 quae]
1805 4649 1967 4700 quem
1998 4633 2107 4686 AS
2134 4635 2153 4704 ΙΙ
2182 4641 2247 4688 12
2288 4631 2685 4690 elementorum
2722 4641 2809 4690 est
2848 4635 3097 4690 confusio
3140 4637 3215 4690 M
3246 4635 3267 4708 ΙΙ

709 4723 894 4760 rerum
933 4723 1032 4758 om.
1071 4705 1142 4758 H
1179 4707 1196 4776 ΙΙ
1257 4711 1320 4758 13
1359 4705 1584 4758 fuerant
1621 4705 1698 4758 M
1731 4706 1750 4774 ΙΙ
1795 4721 1896 4774 per
1929 4703 2369 4776 Phlegethonta]
2408 4707 2463 4760 et
2500 4707 2743 4776 flegeton
2780 4725 2881 4778 per
2914 4707 3265 4776 flegethonta

711 4777 790 4828 M
813 4777 828 4845 [Ι
871 4781 938 4830 14
971 4777 1084 4830 flox
1119 4779 1252 4830 libri
1279 4779 1296 4848 ΙΙ
1335 4781 1404 4830 16
1441 4773 1620 4830 stelit-i
1659 4775 1724 4826 H
1745 4779 1764 4844 ΙΙ
1801 4781 1868 4830 20
1907 4777 1987 4848 et]
2030 4793 2093 4830 ac
2132 4779 2417 4832 Iuvenalis
2450 4779 2581 4834 libri
2608 4783 2629 4850 fl
2656 4781 2949 4834 contentus
2990 4777 3051 4834 Η
3076 4781 3095 4850 ΙΙ
3124 4779 3265 4836 brit·-

709 4845 882 4900 taniis
921 4845 974 4898 R
1031 4847 1342 4902 brittannos
1379 4849 1436 4900 A
1489 4845 1782 4902 britannus
1817 4847 1890 4900 Η
1925 4851 1944 4918 ΙΙ
1988 4853 2057 4902 21
2094 4867 2291 4920 sperae
2324 4847 2469 4902 ΒΜ
2520 4869 2677 4920 spere
2716 4851 2787 4906 H
2818 4853 2835 4922 ΙΙ
2884 4869 2913 4904 6
2950 4851 3265 4908 contrarius

707 4917 780 4968 H
799 4917 914 4986 1127
951 4917 1172 4988 umbra]
1213 4917 1500 4972 obscurior
1539 4917 1664 4972 add.
1695 4917 1772 4972 M
1793 4921 1812 4988 ΙΙ
1839 4925 1908 4974 28
1941 4917 2205 4992 ypallage
2244 4919 2365 4974 RA
2378 4923 2443 4974 Η
2450 4923 2527 4978 Μ
2548 4927 2565 4996 ΙΙ
2596 4929 2663 4980 29
2698 4923 2857 4978 aliud
2896 4925 2979 4978 est
3016 4923 3261 4996 praeter]
3312 4971 3315 4974 .

707 4987 826 5042 aliu
861 4987 932 5040 de
967 4989 1098 5056 prei-
1131 4989 1190 5040 R
1233 4991 1250 5059 ΙΙ
1299 4995 1362 5042 32
1405 5007 1548 5058 quae
1581 4989 1710 5042 sunt
1751 4991 1826 5044 M
1857 4993 1874 5063 ΙΙ
1917 4991 2149 5046 dubium
2184 4993 2295 5064 est]
2344 4993 2489 5050 ‘sola
2524 4997 2655 5052 nox’
2706 4999 2793 5052 est
2838 4995 2931 5052 cui
2976 4997 3133 5054 nulla
3166 4997 3265 5052 lux

711 5059 960 5114 succedit
995 5059 1124 5114 add.
1157 5059 1462 5114 Masvicius
1497 5061 1518 5132 ΙΙ
1559 5067 1626 5114 33
1665 5061 1963 5132 inaniumq‘
1990 5063 2059 5118 H
2076 5067 2095 5134 ss
2124 5063 2435 5120 ostenditur
2470 5011 2713 5190 1166611111
2750 5067 2861 5124 AS
2870 5067 2935 5124 H
2940 5069 3019 5124 M
3026 5091 3039 5126 e
3076 5071 3265 5126 osten·-

2634 5191 2673 5312 s.
