3900 5784
723 633 768 694 4
1881 627 2119 686 SERVII

723 801 838 860 aut
879 795 1068 860 nulla
1111 797 1224 858 aut
1271 815 1422 858 rara
1461 795 1540 854 fit
1583 793 1854 856 mentio:
2044 813 2263 854 nmen
2302 809 2413 852 eur
2452 789 2563 852 hoc
2604 791 2849 852 verbum
2886 791 3163 872 posuerit
3202 813 3279 856 ex

719 903 990 986 sequenti
1029 905 1170 964 actu
1203 901 1492 962 iuvenum
1531 897 1961 960 advertewdum
1990 899 2091 960 est.
2224 913 2503 960 ARDENS
2540 897 2875 978 festinam,
2902 901 2973 962 ut
3004 897 3073 980 <I
3102 897 3277 978 423>

721 1011 1028 1074 instant
1071 1005 1434 1070 ardentes
1481 1003 1714 1086 Tyrii.

851 1179 854 1182 ,
903 1117 958 1178 6.
1029 1131 1230 1176 LITVS
1269 1131 1342 1176 IN
1379 1129 1786 1176 HESPERIVM
1821 1111 1928 1176 hio
1966 1111 2327 1178 ostenditur
2356 1111 2739 1194 Hesperiam
2778 1113 3091 1176 minorem
3136 1133 3277 1176 esse

651 1239 684 1284 5
721 1241 976 1286 omnem
1035 1219 1324 1302 Italiam,
1395 1221 1662 1302 dictam,
1717 1221 1794 1282 ut
1847 1239 2047 1302 supra
2092 1217 2237 1302 <III
2290 1219 2455 1302 163>
2518 1217 2815 1300 diximus,
2874 1217 2973 1282 vel
3034 1241 3069 1282 a
3124 1239 3277 1302 rege

717 1329 824 1392 vel
891 1347 930 1388 a
987 1323 1196 1388 stella.
1381 1343 1642 1392 SEMINA
1699 1341 2041 1388 FLAMMAE
2102 1323 2385 1408 Σπέρμα
2422 1317 2657 1408 ,πυρὸς
2716 1321 3041 1388 Homerus
3106 1325 3277 1406 dicit,

715 1435 790 1498 id
827 1437 916 1496 est
957 1451 1162 1494 semen
1203 1433 1386 1514 ignis.
2600 1419 2605 1426 ’
2768 1515 2775 1522 ..
2812 1519 2815 1522 ἡ

903 1539 956 1602 7.
1033 1557 1386 1604 ABSTRVSA
1431 1557 1506 1604 IN
1553 1557 1764 1604 vmus
1811 1557 2057 1606 smmis
2104 1541 2173 1604 i1'1
2218 1539 2543 1624 georgicis
2578 1537 2859 1620 <1135>
2908 1539 2983 1598 et
3028 1537 3277 1602 silicis

717 1645 940 1710 venis
987 1647 1434 1710 abstrusum
1479 1647 1894 1710 exeuderet
1935 1647 2217 1732 ignem:
2266 1647 2617 1710 absffiudere
2660 1647 2821 1710 enim
2870 1649 2955 1710 est
2992 1645 3059 1708 de
3094 1645 3277 1710 indu-

613 1769 684 1818 10
705 1755 880 1818 ..stria
927 1755 1136 1818 celare.
1313 1771 1648 1818 FERARVM
1691 1771 1922 1818 TECTA
1966 1753 2335 1838 epexegesis
2388 1753 2603 1818 silvae.

897 1863 954 1926 8.
1029 1877 1342 1930 FLVMINA,
1383 1877 1756 1926 MONSTRAT
1803 1881 2241 1944 quaecumque
2278 1857 2539 1924 fluenta.
2616 1863 2677 1924 et
2726 1857 3051 1924 seiendum
3092 1881 3273 1922 mon-

715 1967 916 2032 strari
959 1967 1218 2032 Aeneae
1271 1967 1348 2030 ad
1401 1965 1786 2052 expiandum
1833 1989 1930 2030 se:
1976 1989 2133 2028 nam
2176 1965 2541 2030 funestatus
2586 1965 2799 2030 fuerat
2846 1969 3053 2056 morte
3102 1965 3273 2030 Pali-

711 2073 858 2138 nuri
869 2123 888 2156 ,
951 2095 1084 2138 non
1153 2073 1320 2156 quod
1389 2095 1534 2138 eum
1597 2071 1876 2154 viderat,
1941 2073 2051 2134 sed
2110 2073 2281 2154 quod
2340 2071 2535 2136 funus
2594 2075 2984 2156 agnoverat,
3044 2071 3113 2136 id
3172 2077 3275 2138 est

713 2179 1040 2278 doluerat}
1083 2181 1158 2242 in
1201 2201 1278 2242 eo
1323 2181 1500 2244 enim
1547 2181 1650 2240 est
1691 2177 1969 2262 pollutio
2020 2177 2191 2262 quod
2242 2177 2329 2242 ait
2370 2175 2473 2258 <V
2510 2177 2679 2262 869>
2732 2199 3057 2260 casuque
3112 2181 3271 2244 ani-

613 2301 680 2350 15
717 2307 916 2350 mum
963 2307 1386 2352 concussus
1431 2283 1684 2368 amici,
1729 2307 1884 2346 nam
1927 2283 2071 2366 ipsa
2122 2285 2377 2366 inpiant
2410 2305 2571 2366 quae
2614 2285 3037 2368 agnoscimus.
3106 2287 3273 2350 unde

715 2395 786 2458 in
827 2391 1018 2458 Livio
1063 2391 1172 2474 <II
1215 2395 1278 2478 8,
1325 2391 1410 2474 7>
1467 2391 1784 2456 habemus
1837 2389 2183 2454 Horatium
2238 2391 2617 2476 Pulvillum‚
2672 2413 2817 2456 eum
2876 2391 3271 2476 Capitolium

713 2499 1008 2564 dedicare
1053 2499 1272 2582 vellet,
1319 2499 1576 2564 audisse
1627 2499 1704 2562 ab
1755 2499 2017 2562 inimico
2066 2501 2395 2562 mortuum
2438 2497 2671 2580 filiuni,
2718 2501 2805 2580 et,
2856 2521 2935 2562 ne
2982 2498 3271 2582 pollutus

711 2607 1008 2672 dedicare
1053 2629 1184 2672 non
1239 2611 1490 2692 posset,
1545 2605 1979 2690 respondisse,
2040 2607 2309 2670 cadaver
2368 2607 2467 2670 sit.
2556 2605 2727 2670 hane
2766 2609 2995 2680 ,autem
3036 2625 3271 2690 purga-

711 2715 956 2778 tionem
1007 2715 1266 2778 Aeneae
1317 2715 1566 2796 polluto
1627 2713 1738 2776 dat
1791 2711 2029 2796 ubique
2074 2709 2433 2796 Vergilius,
2498 2715 2567 2778 ut
2612 2713 2805 2796 paulo
2856 2715 3007 2796 post
3052 2711 3269 2796 (635)

601 2835 674 2882 20
709 2841 1144 2906 corpusque
1187 2819 1484 2884 recenti
1535 2817 1836 2904 spargit
1887 2841 2097 2900 aqua.
2300 2811 2305 2814 ¹

891 2927 946 2990 9.
1025 2945 1116 2990 AT
1165 2943 1318 2992 Pivs
1367 2943 1638 2990 AENEAS
1687 2929 1981 3006 oportune
2024 2923 2133 2988 hoe
2176 2925 2325 3006 3000,
2388 2925 2623 3008 quippe
2668 2925 2749 2988 ad
2794 2925 3039 3008 templa
3088 2925 3265 2988 festi-

705 3055 894 3096 nans.
1043 3049 1266 3098 ARcEs
1305 3035 1554 3108 QVIBVS
1593 3047 1814 3096 ALTvs
1855 3047 2133 3096 APOLLO
2170 3049 2227 3094 P.
2276 3051 2419 3096 eum
2458 3029 2693 3114 ubique
2736 3053 2851 3096 arx
2886 3029 3025 3096 Iovi
3058 3033 3265 3114 detur,
3316 3103 3323 3108 ,

709 3141 882 3226 apud
947 3137 1188 3204 Cumas
1255 3141 1322 3204 in
1393 3159 1536 3204 aree
1599 3135 1924 3220 Apollinis
1992 3138 2303 3222 templum
2374 3141 2489 3202 est.
2578 3135 2811 3203 ‘altus’
2826 3141 2835 3146 ’
2882 3141 3097 3204 autem
3160 3141 3265 3202 vel

707 3267 1022 3330 magum,
1083 3249 1158 3310 ut
1213 3245 1318 3330 <X
1373 3243 1540 3328 737>
1603 3243 1806 3308 iacet
1869 3243 2077 3308 altus
2136 3243 2419 3310 Orodes
2490 3247 2553 3310 et
2618 3245 2693 3308 de
2758 3245 2901 3328 ipso
2962 3245 3263 3328 Apolline

601 3369 670 3416 25
709 3353 812 3438 <X
853 3351 1032 3436 875>
1077 3353 1188 3416 sie
1237 3355 1458 3438 pater
1507 3351 1644 3414 ille
1689 3351 1906 3416 deum
1952 3351 2225 3436 faeiat,
2272 3353 2383 3416 sic-
2426 3353 2635 3416 altus
2668 3351 2987 3434 Apollo:
3028 3353 3131 3416 vel
3180 3353 3261 3416 ad

689 3459 1040 3526 simulacri
1083 3459 1602 3542 magnitudinem
1649 3458 1894 3542 retulit,
1939 3459 2109 3540 quod
2158 3481 2295 3522 esse
2344 3461 2601 3522 constat
2638 3459 3043 3524 altissimum.
3122 3459 3259 3524 Coe-

851 3677 884 3724 6
921 3669 1218 3738 Homerus]
1263 3667 1364 3724 Od.
1395 3669 1444 3724 V
1473 3673 1594 3722 490.
1643 3667 1710 3722 ef.
1743 3667 1987 3722 Macrob.
2008 3661 2133 3728 sat.
2160 3667 2213 3720 V
2246 3675 2325 3736 12,
2358 3673 2389 3720 3
2414 3669 2435 3738 Ιί
2470 3675 2531 3722 15
2566 3669 2717 3722 unde
2752 3669 2811 3722 in
2842 3669 3001 3724 Livio
3028 3687 3075 3724 e.
3106 3689 3157 3738 q.
3190 3671 3257 3742 6.]

703 3757 882 3796 exser.
917 3741 1200 3810 mythogr.
1243 3739 1318 3792 III
1359 3747 1408 3806 6,
1445 3745 1516 3794 28
1549 3741 1568 3808 ΙΙ
1611 3745 1678 3792 26
1719 3738 1961 3809 Coelius]
2002 3759 2051 3810 p.
2096 3747 2215 3810 163,
2246 3745 2275 3794 5
2312 3757 2401 3810 ap.
2440 3739 2619 3794 Peter.

701 3939 778 3992 sit
811 3937 888 3990 ad
921 3937 1374 4008 praeparandum
1411 3953 1554 4006 quae
1593 3937 1662 3990 ad
1699 3955 1864 3990 usum
1899 3937 2213 3992 necessaria
2252 3939 2381 3992 sunt
2412 3939 2509 3992 uel
2544 3939 2673 3994 add.
2706 3939 2753 3992 Ο
2780 3939 2801 4006 ΙΙ
2854 3945 2879 3992 1
2908 3937 2977 3992 fit
3010 3953 3109 3994 om.
3138 3939 3211 3992 H
3238 3945 3255 4010 [Ῑ

663 4011 958 4070 ,scholium
999 4011 1070 4064 ad
1107 4029 1300 4062 1111116111
1337 4011 1462 4064 hab.
1497 4007 1542 4062 0
1561 4011 1580 4078 ΙΙ
1619 4009 1912 4078 exequenti
1949 4007 2061 4062 GC
2084 4011 2105 4080 ΙΙ
2140 4017 2169 4062 2
2208 4027 2275 4064 ae
2308 4011 2377 4062 tu
2412 4009 2563 4080 0114
2592 4011 2683 4064 hie
2724 4053 2735 4066 .
2764 4053 2777 4064 .
2808 4049 2821 4060 .
2864 4011 2953 4064 vel
2992 4027 3025 4064 a
3062 4011 3253 4082 stella]

695 4083 792 4136 hic
829 4079 1146 4134 ostenditur
1179 4097 1302 4134 esse
1337 4081 1610 4136 minorem
1647 4079 1959 4150 hesperiam
2004 4081 2059 4134 et
2098 4097 2315 4134 omnem
2366 4081 2585 4134 italiam
2622 4079 2935 4150 hesperiam
2978 4081 3181 4134 dietam
3224 4099 3253 4134 e

699 4155 846 4218 (fort.
891 4151 982 4218 de)
1023 4167 1134 4218 quo
1169 4149 1396 4216 nomine
1431 4153 1632 4218 plenus
1679 4151 1830 4218 (fort.
1867 4149 2109 4218 plenius)
2152 4149 2213 4202 in
2258 4151 2401 4206 libro
2446 4151 2629 4220 primo
2678 4151 2941 4206 aeneidos
2980 4155 3105 4218 (530
3120 4155 3253 4220 sqq.)

695 4221 936 4274 ilioneus
973 4221 1240 4290 loquitur.
1295 4221 1512 4276 dietum
1547 4221 1638 4274 est
1669 4221 1738 4272 ut
1773 4237 1936 4288 supra
1976 4219 2185 4274 dietum
2224 4219 2317 4272 uel
2356 4239 2389 4274 a
2422 4237 2557 4290 rege
2596 4221 2687 4274 uel
2724 4239 2757 4272 a
2790 4221 2961 4274 stella
3000 4219 3051 4272 G
3080 4221 3253 4290 1111166

699 4293 776 4344 M
813 4293 834 4358 ΙΙ
885 4297 914 4344 5
951 4293 1188 4364 dietam]
1229 4293 1544 4362 hesperiam
1583 4289 1792 4344 dietam
1833 4291 1882 4344 C
1935 4291 2095 4350 dieta
2128 4289 2181 4344 R
2192 4291 2257 4344 Η
2296 4293 2317 4358 ΙΙ
2366 4299 2395 4344 6
2432 4291 2591 4346 stilla
2628 4291 2675 4344 0
2716 4293 2735 4360 ΙΙ
2778 4307 3163 4346 6116111161πο(
3198 4293 3253 4346 R

695 4379 1054 4416 cncrufflrros
1093 4365 1150 4418 A
1203 4381 1588 4418 CITNPMAIYPOT
1627 4361 1696 4416 H
1747 4379 2105 4416 επεεΜώῙΥΡοε
2142 4361 2219 4416 Μ
2258 4363 2275 4432 ΙΙ
2334 4369 2365 4416 7
2398 4361 2461 4416 id
2498 4363 2587 4418 est
2622 4377 2809 4416 semen
2846 4361 2993 4430 ignis
3026 4363 3149 4418 hab.
3196 4365 3253 4432 0,

693 4433 870 4488 edidit
905 4433 1218 4504 Stephanus
1251 4437 1272 4506 ΙΙ
1315 4441 1350 4490 8
1387 4451 1692 4490 ABSTRVSAM
1731 4453 1898 4494 vsms.
1939 4453 1985 4488 S.
2020 4431 2077 4488 A
2114 4435 2135 4504 Π
2176 4435 2253 4488 ad
2284 4451 2551 4506 AnsrRVSA
2588 4435 2651 4488 iu
2686 4449 2857 4502 marg.
2896 4433 3097 4490 celata.
3152 4433 3251 4488 ab*

697 4507 940 4556 strusum
981 4507 1066 4560 est
1103 4507 1324 4576 proprie
1365 4505 1514 4576 quod
1551 4505 1634 4560 sie
1663 4506 1812 4560 latet
1849 4507 1912 4560 ut
1947 4503 2129 4558 uideri
2162 4521 2277 4560 non
2314 4503 2493 4574 possit
2530 4503 2585 4558 T
2622 4507 2641 4572 ΙΙ
2698 4509 2731 4560 9
2766 4505 3091 4560 abstrudere
3128 4545 3141 4560 .
3184 4549 3197 4560 .
3238 4551 3249 4562 .

695 4573 880 4644 celare
915 4575 1038 4630 hab.
1077 4579 1146 4644 C,
1203 4577 1380 4632 edidit
1411 4575 1724 4644 Stephanus
1775 4579 1792 4644 ΙΙ
1861 4581 1924 4630 10
1962 4575 2167 4630 scholia
2212 4575 2285 4630 ad
2320 4593 2569 4630 1166116111
2606 4593 2767 4630 ‘recti-A
2812 4581 2863 4630 et
2906 4577 2987 4630 ad
3018 4595 3253 4632 rnvmm

517 4695 520 4698 ,
635 4711 640 4716 ,
693 4661 794 4698 om.
829 4641 884 4698 G
909 4647 928 4714 ΙΙ
969 4653 1034 4700 12
1069 4647 1296 4702 fuerat.
1329 4689 1344 4702 .
1377 4695 1386 4704 .
1419 4649 1728 4718 agnoverat
1765 4665 1866 4704 om.
1887 4647 1957 4700 H
1976 4649 1995 4718 Ι]
2032 4653 2101 4700 15
2136 4663 2265 4700 nam
2294 4647 2669 4704 om.RASH
2688 4649 2709 4716 ΙΙ
2746 4647 2869 4716 ipsa
2902 4647 3051 4700 enim
3090 4647 3253 4718 piant

693 4719 750 4770 A
763 4715 804 4770 S
825 4719 846 4784 ΙΙ
887 4725 948 4770 16
989 4719 1236 4786 pratium
1269 4718 1608 4788 pauiuillum
1641 4717 1698 4770 R
1753 4719 2009 4788 praeium
2040 4717 2377 4788 pauiuillum
2402 4717 2459 4770 A
2472 4719 2515 4774 S
2570 4719 2785 4788 patium
2824 4717 3157 4788 pauiuillum
3190 4719 3257 4772 H

670 4787 978 4851 ‚horatium
1005 4791 1278 4858 pauillum
1309 4791 1386 4842 M
1407 4793 1426 4860 ΙΙ
1457 4795 1522 4842 17
1551 4789 1800 4844 audisset
1827 4791 1878 4842 Α
1895 4787 2015 4844 SH
2030 4791 2049 4858 ΙΙ
2084 4795 2145 4842 18
2172 4789 2551 4858 respondisset
2578 4789 2689 4844 AS
2698 4791 2765 4842 H
2770 4791 2849 4844 M
2870 4791 2887 4860 ΙΙ
2914 4795 2983 4842 22
3014 4791 3247 4860 ubique]

691 4857 828 4914 alibi
873 4859 972 4928 G'fl
1007 4875 1140 4912 arex
1175 4859 1224 4912 O
1273 4875 1400 4914 aree
1437 4861 1494 4914 G
1527 4863 1542 4930 ΙΙ
1593 4867 1656 4914 23
1695 4861 1758 4914 in
1791 4863 1912 4914 arte
1947 4861 2007 4914 A
2044 4863 2203 4926 (cor-r.
2242 4863 2299 4926 α)
2346 4863 2367 4930 ΙΙ
2408 4867 2483 4914 24
2514 4863 2581 4914 ut
2614 4861 2763 4916 iacet
2800 4903 2813 4914 .
2856 4905 2869 4916 .
2906 4905 2919 4916 .
2960 4861 3131 4916 faeiat
3166 4863 3247 4916 sic

689 4947 792 4986 om.
831 4933 912 4998 A,
959 4935 1026 4986 in
1057 4947 1232 4998 marg).
1269 4933 1446 4998 suppl.
1489 4949 1524 4986 a
1563 4930 1584 4999 ΙΙ
1633 4933 1830 4986 odores
1867 4931 2001 4984 RH
2006 4931 2081 4984 M
2086 4951 2123 4986 a
2170 4933 2189 5002 ΙΙ
2238 4935 2303 4984 25
2344 4931 2513 5002 altus]
2550 4933 2761 4998 {andus
2802 4933 2869 4986 H
2896 4935 2917 5000 ΙΙ
2974 4939 3037 4986 26
3080 4931 3247 4988 fnisse

689 5003 912 5058 constat
939 5001 1050 5056 GC
1103 5003 1326 5056 constat
1365 5009 1484 5054 esse
1513 5001 1566 5052 R
1595 5003 1616 5070 u
1641 5003 1718 5056 ad
1753 5001 1902 5056 altus
1927 5001 2137 5070 Apollo
2172 5003 2239 5056 in
2272 5019 2449 5072 mary.
2490 5003 2563 5056 ad
2602 5003 2961 5058 simulacrum
2998 5003 3247 5074 ligneum

687 5075 888 5130 retulit
925 5073 1144 5142 ‘altus’‚
1179 5073 1332 5140 quod
1373 5073 1498 5124 erat
1529 5071 1590 5124 in
1629 5073 1822 5126 eodem
1861 5073 2075 5142 templo
2112 5073 2215 5126 XV
2250 5077 2457 5142 pedum
2494 5073 2811 5128 altitudinis
2854 5077 2901 5130 T
2926 5079 2947 5144 ΙΙ
2984 5079 3155 5132 celius
3196 5079 3247 5134 G
