3900 5784
1171 609 1176 614 ⁸
1277 641 1622 704 COMMIN
1659 637 2081 698 veseAsN.
2120 637 2223 694 vn
2262 641 2561 694 sos-614.
2914 725 2927 730 =
3068 629 3197 698 173

639 815 732 878 sic
777 813 848 874 in
893 815 1148 894 tergum
1183 809 1450 890 reiecta,
1495 813 1566 872 ut
1615 831 1744 872 una
1781 807 1918 872 eius
1958 803 2191 868 lacinia
2232 827 2267 868 a
2304 809 2489 890 tergo
2528 803 2833 870 revocata
2866 797 3197 866 hominem

637 917 878 1000 cingat.
967 917 1090 980 hoc
1153 918 1372 979 autem
1429 897 1798 978 vestimenti
1865 931 2099 998 genere
2160 915 2381 976 veteres
2432 911 2683 992 Latini,
2748 929 2885 974 enm
2942 909 3199 974 necdum

637 1041 820 1084 arma
863 1019 1170 1104 haberent,
1217 1019 1592 1102 praecinctis
1645 1021 1798 1102 toyis
1845 1019 2179 1086 bellabant:
2240 1019 2399 1082 unde
2446 1019 2633 1082 etiam
2676 1019 2901 1084 milites
2948 1019 3017 1082 in
3056 1037 3197 1100 pro-

639 1127 840 1190 cinctu
877 1145 1002 1190 esse
1033 1127 1342 1190 dieuw‘itnr.
1411 1125 1522 1190 hoe
1555 1147 1778 1190 rit-rsus
1813 1127 2123 1192 utebatur
2160 1125 2387 1190 consul
2434 1125 2609 1190 bella
2644 1125 3003 1190 indicturus
3052 1127 3197 1190 ideo

639 1231 816 1314 quia,
857 1253 1000 1296 cum
1027 1229 1252 1316 Gabii,
1285 1231 1684 1316 Campaniae
1725 1231 1983 1316 civitaS,
2018 1235 2219 1298 sacris
2256 1235 2655 1316 operaretur,
2696 1231 2939 1296 bellum
2978 1233 3195 1298 subito

641 1337 886 1402 evenit:
937 1339 1096 1402 tunc
1151 1337 1320 1404 cives
1377 1337 1570 1402 cincti
1627 1337 1798 1424 togis
1857 1337 1991 1402 suis
2046 1339 2129 1402 ab
2186 1337 2315 1402 aris
2362 1339 2445 1402 ad
2492 1337 2663 1402 bella
2720 1337 2997 1420 profecti
3044 1343 3197 1404 sunt

639 1447 706 1506 et
751 1443 964 1528 adepti
1011 1445 1380 1510 victoriamx
1425 1445 1596 1510 unde
1639 1445 1748 1510 hic
1793 1447 1979 1508 ortus
2022 1450 2123 1509 est
2166 1467 2327 1510 mos,

817 1551 966 1616 613.
1035 1569 1344 1618 1116161116
1399 1569 1718 1616 RESERAT
1765 1567 2187 1616 STRIDENTIA
2240 1571 2489 1616 LIMINA
2546 1567 2819 1616 CONSVL
2872 1551 3197 1634 insignem

643 1657 860 1742 accipe
901 1659 1114 1740 primo
1159 1659 1302 1724 loco
1353 1663 1670 1742 creatum,
1719 1657 1870 1722 licet
1915 1657 2193 1722 similem
2236 1659 2481 1724 habeat
2524 1661 2939 1742 potestatem.

817 1763 966 1828 614.
1037 1781 1190 1830 IPSE
1225 1781 1454 1830 VOCAT
1483 1781 1756 1830 PVGNAS
1801 1763 1934 1828 tria
1972 1769 2147 1848 sunt,
2198 1769 2269 1830 ut
2308 1787 2501 1850 supra
2540 1765 2647 1848 <II
2684 1763 2853 1848 157>
2898 1763 3197 1848 diximUS‚

787 1925 856 1976 10
889 1919 1002 1976 tria
1039 1923 1168 1976 sunt
1207 1937 1252 1976 e.
1281 1939 1334 1990 q.
1367 1921 1432 1994 s.]
1477 1921 1540 1976 cf.
1573 1921 1714 1976 Don.
1751 1921 1828 1976 ad
1861 1921 1989 1978 Ter.
2018 1937 2141 1978 eun.
2170 1921 2249 1976 IV
2280 1929 2331 1990 7,
2360 1929 2391 1976 2
2432 1923 2489 1978 et
2522 1921 2657 1976 Isid.
2690 1939 2761 1978 or.
2796 1919 2873 1974 IX
2900 1925 2953 1990 3,
2982 1925 3049 1976 52
3074 1937 3193 1990 sqq.

939 2015 1064 2022 —2-0———

641 2063 872 2102 coccum
903 2045 1210 2100 adhibetur
1253 2047 1400 2114 quod
1441 2045 1644 2102 russati
1693 2045 1860 2100 antea
1903 2047 2327 2114 praeliabantur
2366 2047 2599 2116 propter
2638 2047 2875 2100 uulnera
2912 2047 2973 2100 et
3006 2061 3197 2115 asper-

639 2117 826 2172 siones
865 2117 1146 2186 sanguinis
1185 2133 1294 2186 quo
1335 2123 1524 2186 posset-
1563 2117 1668 2172 hoc
1709 2117 1892 2172 colore
1931 2117 2111 2172 uelari
2144 2117 2291 2170 unde
2322 2117 2525 2172 russati
2552 2117 2915 2172 uocabantur.
2978 2117 3199 2170 videtur

641 2189 838 2242 scholii
871 2189 1168 2258 exemplum
1209 2207 1246 2240 a
1279 2189 1514 2242 Daniele
1553 2189 1626 2242 ad
1663 2187 2005 2258 Scaliyerum
2040 2191 2261 2242 missu-m
2300 2205 2435 2254 esse,
2478 2189 2579 2258 qni
2614 2189 2681 2242 in
2716 2189 2903 2256 castig.
2942 2189 3005 2240 in
3044 2187 3194 2241 Fest.

643 2263 754 2328 (ap.
793 2259 1038 2312 Lindem.
1075 2277 1132 2328 p.
1175 2263 1296 2328 740)
1353 2277 1468 2312 non
1501 2261 1660 2314 nulla
1699 2275 1762 2312 ex
1799 2261 1876 2314 eis
1921 2277 2063 2328 quae
2104 2275 2275 2328 snpra
2324 2261 2531 2328 scripta
2576 2265 2707 2314 sant
2748 2261 2939 2312 edidit.
3008 2273 3197 2312 moneo

643 2331 982 2400 Scaliyernm
1027 2331 1290 2386 Trossula
1331 2349 1436 2400 pro
1483 2331 1720 2396 trosula,
1771 2331 2093 2386 concinnior
2126 2347 2237 2400 pro
2284 2331 2591 2398 concinior‚
2636 2333 2891 2400 pertexta
2930 2347 3035 2398 pro
3074 2347 3197 2400 pre-

3236 1781 3303 1826 10

641 2405 798 2456 texta
835 2403 1128 2472 scripsisse.
1183 2405 1252 2468 cf.
1281 2401 1432 2458 Fest.
1465 2403 1632 2456 Pauli
1657 2419 1702 2456 s,
1729 2419 1774 2456 v.
1813 2403 2117 2456 ‘Trossuli'
2150 2409 2205 2456 et
2234 2403 2387 2456 Plin.
2414 2407 2527 2456 nat.
2560 2405 2683 2456 hist.
2714 2401 2949 2456 XXXIII
2974 2407 3005 2466 ἐ
3034 2409 3101 2456 35
3116 2417 3197 2470 sq.
3242 2437 3245 2442 -

643 2505 712 2514 —
749 2475 800 2528 is
837 2475 1102 2544 interpres
1145 2475 1246 2542 qui
1283 2473 1608 2528 Tironianis
1653 2475 1800 2528 notis
1845 2489 1979 2528 usus
2024 2479 2103 2528 est
2146 2475 2213 2528 de
2246 2475 2437 2528 trabea
2480 2475 2611 2528 haee
2656 2475 2945 2528 adnotavit
2980 2473 3201 2528 Trabea

645 2547 736 2600 est
769 2543 944 2598 uestis
983 2543 1288 2612 imperialis
1325 2561 1438 2612 qna
1473 2545 1778 2612 imperator
1817 2545 1908 2600 uel
1947 2543 2137 2600 consul
2176 2543 2403 2598 indutus
2434 2545 2651 2598 solebat
2682 2543 2973 2612 designare
3008 2543 3199 2598 locum

643 2615 740 2670 ubi
777 2615 980 2670 ciuitas
1015 2615 1330 2670 edificanda
1363 2617 1500 2672 erat.
1559 2633 1626 2670 ea
1653 2615 1830 2670 etiam
1865 2615 2095 2670 indutus
2130 2615 2423 2684 aperiebat
2458 2617 2709 2684 tempore
2744 2615 2883 2668 belli
2920 2617 3109 2684 portas
3138 2657 3151 2668 .
3184 2657 3199 2670 .

645 2689 924 2756 (notarum
955 2687 1086 2740 loeis
1107 2691 1320 2756 puncta
1343 2687 1526 2756 posui)
1567 2685 1768 2756 templi
1797 2687 1856 2740 et
1881 2703 2081 2740 causas
2108 2685 2247 2740 belli
2272 2685 2565 2740 indicabat
2590 2685 2861 2740 omnibus.
2892 2687 2911 2756 ΙΙ
2938 2687 3199 2740 scholium

643 2759 722 2812 ad
757 2777 1052 2820 cmcrqun
1093 2775 1284 2810 eAnmo
1325 2759 1662 2826 adscriptum
1699 2759 1856 2812 habet
1893 2757 1948 2810 Τ
1966 2759 1985 2828 ΙΙ
2012 2761 2099 2812 est
2132 2757 2295 2828 toga]
2336 2759 2393 2810 et
2432 2773 2537 2824 ega
2564 2757 2615 2810 R
2654 2759 2735 2826 (ct
2770 2771 2879 2826 oga
2908 2775 2957 2824 r,
2992 2757 3053 2810 in
3088 2759 3199 2812 vet.

643 2829 764 2884 cod.
809 2829 918 2882 ‘est
955 2831 1112 2898 toga’
1151 2845 1330 2898 snpra
1363 2845 1466 2882 ser.
1493 2829 1720 2892 Daniel)
1747 2829 1766 2898 ΙΙ
1799 2835 1826 2882 1
1863 2845 1979 2882 nna
2014 2827 2061 2882 S
2070 2829 2119 2882 L
2132 2829 2207 2880 M
2216 2827 2297 2882 Fz
2332 2845 2405 2882 na
2444 2827 2497 2882 R
2540 2829 2673 2898 (una
2706 2829 2955 2896 Daniel),
2988 2843 3089 2882 om.
3120 2829 3199 2884 H.

641 2901 760 2954 ima
793 2907 870 2954 est
903 2899 1168 2954 Ferrarii
1205 2903 1266 2954 de
1303 2917 1362 2954 re
1393 2905 1518 2954 vest.
1561 2901 1650 2954 lib.
1685 2901 1726 2954 I
1753 2915 1874 2968 cap.
1909 2899 2071 2952 XIV
2102 2899 2321 2966 (Graec).
2356 2899 2483 2954 thes.
2514 2901 2591 2954 VI
2618 2917 2675 2968 p.
2708 2901 2831 2966 646)
2868 2899 3201 2966 coniectura,

637 2971 882 3040 probata
915 2989 954 3026 α
989 2971 1382 3040 Marquardtio
1425 2971 1660 3026 Privati.
1701 2973 1750 3026 d.
1781 2971 1942 3026 Ro'm.
1980 2969 2029 3022 II
2060 2987 2117 3040 p.
2148 2975 2255 3024 544
2282 2973 2303 3040 ΙΙ
2330 2987 2363 3022 a
2398 2975 2561 3040 tergo
2600 2987 2701 3026 om.
2726 2969 2921 3024 LHT
2958 2973 3107 3038 (add.
3140 2973 3197 3038 l).

643 3045 710 3096 in
753 3041 1054 3112 Reyincnsi
1099 3059 1270 3110 snpra
1315 3059 1350 3096 a
1391 3043 1554 3110 tergo
1599 3041 1810 3094 Daniel
1853 3043 1983 3096 haee
2030 3041 2329 3110 adscripsit
2374 3041 2543 3096 ‘deest
2582 3043 2645 3094 in
2692 3043 2861 3096 altero
2906 3047 3005 3094 vet.
3058 3041 3197 3096 cod?

641 3113 682 3168 i.
723 3129 764 3170 e.
805 3113 868 3166 in
907 3113 1218 3168 Turonensi
1259 3113 1278 3182 ΙΙ
1333 3113 1638 3182 hominem]
1695 3113 1985 3166 humerum
2024 3113 2319 3166 Heinsiwm
2354 3113 2543 3182 Zeyisse
2578 3113 2947 3166 Burmannus
2980 3127 3201 3166 comme-

641 3185 878 3240 moravit
901 3187 922 3252 ΙΙ
951 3191 982 3236 2
1021 3187 1238 3238 veteres
1267 3183 1458 3238 Latini
1491 3227 1502 3238 .
1537 3225 1550 3238 .
1581 3225 1594 3236 .
1631 3185 1736 3238 hoc
1771 3201 1961 3238 rursus
1994 3197 2141 3238 nnus
2174 3183 2507 3238 Turonensis
2544 3185 2715 3240 habet.
2774 3185 3017 3238 alienum
3054 3185 3201 3238 seho-

643 3257 782 3308 Ziwm
829 3255 1096 3310 Serviano
1137 3257 1318 3324 inepte
1363 3257 1656 3310 inmixtum
1703 3271 1810 3310 esse
1855 3259 2115 3326 apparet:
2166 3271 2297 3308 nam
2342 3253 2679 3324 praecinctis
2728 3255 2879 3324 togis
2934 3255 3077 3308 idem
3124 3261 3203 3308 est

643 3329 788 3394 qnod
827 3329 934 3380 hoc
971 3325 1292 3382 vestimenti
1329 3343 1528 3396 genere
1567 3327 1604 3380 i.
1641 3343 1684 3382 e.
1723 3327 1906 3380 cinctu
1952 3325 2189 3382 Gabino,
2224 3327 2297 3392 ef.
2336 3327 2681 3396 Marquardt
2720 3327 2753 3380 l.
2794 3329 2829 3380 l.
2872 3329 2891 3394 ss
2948 3333 2979 3380 3
3020 3329 3199 3392 arma]

643 3415 784 3466 saga
823 3401 964 3452 coni.
1003 3397 1066 3452 Ο.
1093 3399 1330 3452 Mueller
1353 3397 1582 3452 Etrusk.
1609 3397 1660 3452 12
1681 3415 1738 3468 p.
1769 3403 1890 3454 251.
1929 3399 2019 3452 sed
2058 3399 2123 3464 cf.
2156 3397 2307 3452 Serv.
2344 3401 2421 3452 ad
2448 3399 2585 3452 Aen.
2612 3397 2693 3452 IV
2718 3403 2825 3452 495
2850 3399 2867 3468 [1
2912 3403 2945 3450 4
2982 3399 3201 3470 60116111]

645 3469 732 3524 ita
767 3469 1104 3524 uelabantur
1137 3471 1264 3524 add.
1297 3469 1358 3524 F
1379 3471 1396 3538 11
1425 3467 1720 3524 indicturis
1755 3467 1814 3524 R
1851 3469 1934 3538 (in
1970 3471 2081 3524 vet.
2120 3469 2239 3524 cod.
2278 3487 2371 3524 rus
2410 3487 2561 3538 supr.
2598 3485 2731 3524 vers.
2770 3469 2999 3532 Daniel)
3030 3467 3203 3536 uideo

645 3539 804 3608 quia]
845 3541 1084 3608 ideoque
1117 3541 1170 3594 L
1207 3543 1224 3612 [Ι
1269 3545 1302 3594 5
1343 3541 1474 3608 quia
1507 3557 1608 3594 om.
1653 3541 1708 3592 T
1735 3543 1754 3610 ΙΙ
1795 3539 1967 3608 gabia
2002 3539 2047 3594 S
2084 3541 2243 3608 (corr.
2282 3543 2331 3608 s)
2376 3541 2533 3610 gauii
2570 3539 2629 3594 F
2664 3542 2681 3609 ΙΙ
2722 3539 3059 3608 campaniae
3094 3541 3155 3592 F
3188 3543 3205 3610 g.

647 3617 680 3662 6
721 3611 928 3680 evenit]
973 3615 1030 3664 et
1069 3611 1224 3666 uenit
1257 3611 1322 3664 F
1343 3613 1360 3682 fl
1385 3615 1520 3664 tunc
1561 3609 1734 3682 cives]
1777 3615 1836 3664 et
1869 3611 2003 3664 inde
2048 3611 2099 3662 T
2118 3611 2135 3680 Ι]
2178 3611 2369 3680 cincti]
2414 3611 2599 3666 cuncti
2636 3611 2751 3664 SF
2784 3613 2945 3680 (corr.
2982 3611 3031 3678 s)
3086 3611 3205 3664 cin-

643 3681 720 3734 tis
755 3681 810 3734 L
835 3683 856 3752 ΙΙ
881 3683 1014 3752 aris]
1055 3683 1206 3752 argis
1243 3683 1318 3736 M
1369 3683 1516 3752 agris
1557 3683 1620 3750 ῐΙΙ
1659 3687 1788 3736 sunt
1825 3683 1896 3736 ad
1935 3681 2087 3736 bella
2120 3679 2359 3752 profecti
2396 3681 2579 3736 SRF
2600 3683 2615 3752 [Ι
2668 3689 2699 3736 ’ἶ
2734 3681 2881 3734 unde
2924 3679 3011 3734 hic
3052 3683 3203 3734 ortus

643 3755 732 3806 cst
777 3769 898 3806 mos
947 3753 1156 3806 LHT:
1211 3757 1440 3824 propter
1489 3753 1638 3822 quod
1667 3769 1856 3866 epmcn
1907 3753 2013 3808 tali
2064 3753 2261 3806 habitu
2312 3769 2533 3824 semper
2582 3755 2885 3808 utebantur
2932 3751 2989 3806 in
3040 3753 3205 3806 bellis

643 3875 826 3932 SRF
873 3877 1020 3932 unde
1061 3875 1152 3930 hic
1193 3879 1346 3930 ortus
1381 3879 1472 3930 est
1505 3893 1624 3932 mos
1661 3879 1890 3946 propter
1931 3877 2081 3946 quod
2120 3917 2133 3930 .
2168 3919 2179 3932 .
2212 3919 2223 3930 .
2262 3875 2429 3932 bellis
2460 3877 2537 3930 M
2584 3877 2817 3946 propter
2852 3917 2863 3930 .
2898 3917 2911 3928 .
2942 3917 2953 3930 .
2984 3917 2997 3930 .
3038 3875 3203 3930 bellis

641 3965 794 4016 supr.
837 3965 970 4004 vers.
1007 3949 1134 4002 add.
1177 3947 1210 4000 Z.
1267 3953 1494 4002 ceterum
1521 3953 1650 4016 post
1689 3965 1810 4002 mos
1843 3949 1975 4002 haee
2012 3949 2137 4002 add.
2178 3947 2507 4002 Turonensis
2546 3947 2745 4002 uelites
2786 3963 3003 4016 quoque
3046 3947 3201 4016 gabi-

643 4019 760 4072 nati
807 4019 1162 4088 pugnabant,
1215 4035 1352 4088 qnae
1395 4035 1516 4072 cum
1565 4019 1638 4072 eis
1683 4035 1822 4088 qnae
1867 4019 1955 4074 lin
2006 4025 2039 4070 2
2070 4035 2181 4088 sqq.
2228 4035 2297 4072 eoe
2340 4035 2399 4072 eo
2446 4019 2623 4072 codiee
2672 4019 2819 4074 edita
2868 4019 3035 4072 habes
3080 4025 3205 4086 apte

645 4091 1078 4160 coninnyuntur.
1151 4091 1222 4144 ab
1257 4105 1318 4144 eo
1361 4091 1462 4158 qni
1501 4089 1824 4144 Tironianis
1867 4091 2011 4146 notis
2060 4093 2315 4146 utebatur
2348 4091 2417 4144 de
2452 4091 2675 4144 Gabino
2710 4091 2895 4146 eine-tn
2930 4091 2993 4142 in
3030 4105 3203 4158 mam-9.

649 4163 982 4218 Turonensis
1015 4163 1150 4216 haee
1187 4163 1468 4230 adscripta
1499 4169 1630 4216 sant
1669 4161 1840 4216 Gabis
1879 4163 2081 4216 ciuitas
2118 4165 2207 4216 est
2240 4163 2585 4232 campaniae.
2646 4165 2777 4216 ante
2816 4161 2971 4214 cuius
3008 4163 3203 4230 portas

643 4251 770 4288 cum
811 4233 1126 4292 sacerdotes
1165 4233 1474 4286 sacrificare
1519 4235 1732 4288 uellent
1777 4235 1836 4288 et
1881 4235 2243 4288 detraherent
2286 4235 2463 4302 pelles
2510 4233 2827 4288 hostiarum
2870 4249 3201 4302 superuene-

643 4309 776 4358 runt
813 4305 934 4374 lupi
969 4307 1114 4360 etr*
1153 4307 1510 4374 (evannwnnt
1541 4321 1744 4374 pauca,
1783 4307 2017 4372 fortasse
2046 4305 2219 4372 raptis
2248 4303 2509 4372 pellibus)
2552 4305 2859 4358 hostiarum
2900 4307 3205 4372 coeperunt

643 4377 848 4430 iterum
893 4375 1102 4444 fugere.
1177 4379 1310 4430 111116
1353 4375 1444 4430 illi
1485 4375 1630 4430 sicut
1679 4379 1838 4430 erant
1881 4375 2017 4430 nudi
2066 4375 2123 4430 et
2172 4373 2419 4442 expediti
2462 4375 2537 4428 ad
2588 4375 2951 4430 excoriandas
2984 4375 3203 4432 hostias

643 4449 824 4518 raptis
865 4447 1014 4518 togis
1055 4447 1344 4502 cinxerunt
1379 4463 1440 4500 se
1475 4445 1592 4502 illis
1627 4463 1740 4502 non
1779 4447 2033 4502 ualentes
2070 4449 2191 4514 tam
2228 4447 2339 4502 cito
2378 4445 2539 4500 indui
2574 4449 2633 4500 et
2668 4447 3001 4516 persecuti*
3044 4449 3203 4514 (adde

645 4523 776 4574 sunt
811 4519 994 4586 lupos)
1045 4521 1102 4572 et
1135 4517 1316 4586 pelles
1361 4517 1672 4572 hostiarum
1717 4519 2165 4586 reportauerunt.
2238 4519 2301 4570 et
2334 4517 2469 4586 quia
2504 4517 2803 4574 uictoriam
2840 4517 3035 4586 adepti
3072 4523 3201 4570 sunt

643 4591 822 4646 talem
859 4589 1112 4646 habitum
1141 4629 1156 4642 .
1199 4595 1374 4654 (notae
1405 4589 1516 4642 loeo
1543 4595 1816 4658 punctum
1843 4589 2033 4658 posui)
2070 4589 2123 4642 in
2158 4607 2259 4642 usu
2300 4589 2613 4642 habuerunt
2652 4591 2713 4642 nt
2750 4589 3039 4642 sinistram
3074 4607 3199 4658 par—

643 4665 760 4716 tem
801 4661 1150 4716 obnuberent
1197 4661 1480 4714 dexteram
1519 4677 1656 4714 uero
1695 4661 1942 4714 exertam
1984 4659 2261 4714 haberent
2300 4659 2447 4714 sicut
2480 4661 2545 4714 et
2576 4661 2803 4714 diaconi
2840 4661 3199 4730 quadragesi·

643 4733 782 4788 mali
821 4735 1074 4802 tempore
1109 4731 1324 4786 faciunt
1357 4729 1646 4784 sinistrum
1693 4733 1983 4784 humerum
2032 4735 2287 4798 tegentes
2332 4731 2525 4784 casula
2570 4733 2803 4784 dextera
2846 4733 3005 4798 parte
3052 4733 3203 4786 nuda

647 4805 706 4856 et
741 4801 1006 4872 expedita
1043 4803 1380 4856 remanente.
1413 4804 1434 4869 ΙΙ
1471 4805 1502 4856 8
1543 4801 1820 4868 insignem
1855 4843 1870 4856 .
1903 4843 1916 4856 .
1949 4843 1961 4856 .
1996 4803 2339 4870 potestatem
2378 4801 2579 4868 SRF,
2612 4803 2729 4856 nisi
2766 4805 2913 4870 qnod
2948 4807 3201 4874 accipere

643 4873 830 4942 primo
865 4873 990 4928 loco
1031 4875 1276 4928 creatum
1315 4873 1582 4928 debemus
1621 4871 1704 4926 1⁴³:
1741 4871 1792 4926 is
1827 4871 1926 4940 qui
1962 4871 2111 4940 prior
2154 4875 2371 4928 creatus
2412 4875 2499 4926 est
2528 4873 2657 4926 LH
2684 4873 2857 4942 (prior
2896 4877 2993 4930 del.
3024 4881 3083 4930 ’et
3120 4893 3199 4928 se-

645 4943 856 5000 cundus
893 4961 1156 5012 superser.
1197 4947 1230 5000 l.
1283 4945 1426 5000 idem
1461 4943 1736 5012 insignem
1769 4987 1780 5000 .
1813 4987 1824 5000 .
1855 4985 1868 4996 .
1899 4947 2237 5010 potestatem
2276 4947 2339 5000 in
2374 4961 2549 5012 vuary.
2586 4945 2741 5012 add.)
2798 4947 3067 5018 insignem
3098 4991 3111 5000 .
3146 4987 3159 5000 .
3188 4991 3199 5002 .

643 5015 782 5070 licet
817 5015 960 5066 alter
993 5015 1232 5068 similem
1275 5015 1486 5068 habeat
1531 5015 1866 5084 potestatem
1909 5015 1955 5066 is
1994 5015 2087 5084 qui
2126 5015 2357 5084 propior
2402 5017 2623 5068 creatus
2672 5017 2759 5068 est
2798 5019 2869 5072 Μ
2914 5025 2933 5090 Ι]
2988 5027 3055 5074 10
3092 5017 3203 5072 tria

645 5085 798 5154 eunt]
837 5085 922 5138 116]
963 5085 1066 5138 has
1101 5085 1148 5138 S
