3900 5784
699 591 826 698 118
1073 643 1078 648 “
1487 681 1494 686 .
1847 633 2089 690 SERVII

691 797 1004 864 ferentem
1047 791 1430 884 Tarentinis⁴
1453 795 1780 862 auxilium.
1841 797 1950 862 hic
1996 787 2227 880 postea
2272 795 2443 880 fugit
2488 797 2575 860 in·
2604 795 2947 864 Graeciam
2994 801 3061 862 et
3104 797 3241 862 illic

695 905 794 968 est
841 899 1086 966 occisus
1131 899 1204 960 in
1245 901 1508 984 templo.
1587 887 1804 986 Argos
1849 923 2001 966 vero
2052 903 2113 966 et
2158 903 2465 984 Mycenas
2516 903 2623 966 alii
2672 903 2971 968 vicerunt.

871 1005 1020 1070 840.
1091 1021 1320 1070 VLTVS
1373 1023 1560 1074 Avos
1615 1013 1730 1072 aut
1785 1007 1892 1072 hic
1947 1007 2497 1094 distinguendum,
2556 1013 2629 1074 ut
2684 1011 2771 1074 sit
2818 1009 3079 1078 ‘Troiae
3126 1007 3241 1072 Mi-

693 1111 958 1178 nervae'
1015 1133 1134 1196 pro
1193 1111 1538 1200 Troianae,
1599 1115 1950 1200 principale
2014 1137 2131 1200 pro
2200 1115 2587 1182 derivativo:
2656 1121 2767 1180 aut
2824 1121 2995 1182 certe
3056 1115 3243 1182 ‘avos

621 1233 654 1282 5
695 1219 978 1302 Troiae',
1023 1241 1158 1284 non
1205 1241 1366 1304 quos
1417 1221 1612 1288 Troia
1659 1221 1890 1286 habuit
1937 1245 2089 1288 avos
2098 1273 2117 1306 ,
2168 1223 2279 1286 sed
2326 1225 2435 1308 qui
2478 1223 2557 1288 de
2602 1221 2801 1288 Troia
2842 1223 3129 1308 fuerunt,
3178 1223 3245 1286 id

695 1333 794 1392 est
841 1349 994 1394 avos
1033 1327 1476 1394 Troianorum.
1631 1345 1918 1422 TEMPLA
1952 1347 2331 1394 TEMERATA
2374 1347 2737 1394 MINERVAE
2788 1351 2905 1414 per
2946 1333 3245 1414 stuprum

695 1433 1118 1500 Cassandrae.
1575 1495 1584 1504 .
1631 1425 1636 1430 ⁸

873 1543 1020 1606 841.
1093 1557 1338 1608 MAGNE
1369 1557 1556 1606 CATO
1587 1539 1965 1606 Censorium
2002 1541 2187 1628 dicit,
2222 1543 2333 1626 qui
2370 1543 2631 1628 scripsit
2668 1543 2971 1608 historias
2982 1593 3003 1626 ,
3044 1545 3249 1608 multa

697 1649 892 1714 etiam
933 1647 1106 1714 bella
1143 1649 1448 1714 confecit:
1483 1671 1636 1714 nam
1663 1647 2039 1714 Vticensem
2076 1653 2413 1734 praesente
2442 1649 2761 1734 August0‚
2800 1653 3025 1716 contra
3058 1671 3249 1734 quem

593 1767 660 1818 10
697 1759 882 1838 pater
931 1755 1070 1820 eius
1117 1755 1348 1822 Caesar
1393 1761 1460 1820 et
1503 1755 1836 1820 dimicavit
1881 1761 1948 1820 et
1992 1755 2421 1822 Anticatones
2466 1755 2751 1840 scripsit,
2806 1757 3073 1820 laudare
3118 1779 3253 1820 non

697 1865 972 1946 poterat.
1105 1881 1196 1926 TE
1243 1881 1454 1928 cossi:
1499 1879 1908 1938 RELmQVA‘r
1960 1861 2197 1928 Cossus
2242 1863 2541 1928 tribunus
2586 1863 2891 1926 militaris
2938 1863 3253 1928 consulari

685 1973 984 2052 potestate
1029 1969 1172 2034 fuit.
1233 1969 1342 2034 hic
1375 1989 1576 2052 regem
1605 1971 1946 2034 Tuscorum
1974 1969 2233 2034 Lartem
2264 1971 2697 2056 Tolumnium,
2734 1993 2775 2034 a
2810 1971 2949 2036 loco
2988 1971 3253 2056 dictum,

699 2077 936 2142 occidit
979 2079 1046 2140 et
1079 2077 1344 2140 secunda
1373 2079 1522 2158 post
1555 2073 1892 2140 Romulum
1941 2075 2161 2160 opima
2206 2077 2419 2160 spolia
2460 2077 2811 2142 revocavit.
2874 2075 2999 2142 erit
3038 2079 3253 2142 autem

699 2183 1134 2248 nominativus
1185 2181 1324 2246 ‘hic
1365 2181 1530 2246 Lars
1541 2231 1562 2264 ,
1605 2181 1798 2244 huius
1843 2181 2059 2246 Lartis
2072 2181 2109 2246 ².
2752 2183 2755 2186 ’

529 2289 540 2298 “
595 2301 660 2352 15
877 2289 1024 2352 842.
1101 2305 1254 2366 Qvls
1305 2305 1606 2352 GRACCHI
1653 2305 1880 2352 eans
1941 2287 2263 2354 Gracchos
2324 2289 2671 2352 seditiosos
2724 2293 2983 2354 constat
3038 2289 3257 2376 fuisse,

699 2397 950 2462 nobiles
1013 2401 1234 2460 tamen
1299 2417 1560 2482 genere:
1631 2415 1914 2478 namque
1984 2419 2099 2478 per
2166 2391 2535 2460 Corneliam
2596 2399 2863 2482 nepotes
2934 2395 3253 2482 Scipionis

701 2505 990 2574 Africani
1055 2505 1340 2588 fuerunt,
1405 2503 1574 2568 unde
1627 2501 1957 2566 Iuvenalis
2020 2503 2101 2566 ad
2164 2523 2307 2568 eam
2360 2501 2497 2586 <VI
2552 2503 2717 2586 170>
2788 2505 2979 2568 tolle
3046 2507 3255 2570 tuum

699 2633 972 2694 precor
1013 2611 1532 2678 Hannibalem
1577 2609 1987 2690 victumque
2034 2607 2445 2692 Syphacem.
2522 2631 2677 2694 ergo
2716 2609 3053 2694 Scipiones
3098 2613 3257 2676 dicit

701 2739 816 2800 per
851 2717 1150 2784 ‘Gracchi
1191 2717 1436 2802 genus'.
1509 2717 1636 2780 duo
1689 2721 1902 2780 autem
1947 2715 2237 2782 fuerunt:
2288 2719 2491 2784 maior
2532 2715 2903 2802 Africanus,
2950 2719 3253 2784 Aemilia-

595 2835 662 2884 20
701 2847 824 2890 nus
855 2825 1086 2910 minor,
1123 2825 1236 2910 qui
1273 2823 1608 2890 obsidione
1641 2821 2065 2908 Carthaginis
2100 2823 2185 2886 ab
2212 2823 2407 2888 Italia
2442 2823 2773 2888 revocavit
2802 2823 3259 2890 Hannibalem.

881 2933 1026 2996 843.
1103 2949 1460 2998 SCIPIADAS
1505 2931 1578 2994 hi
1623 2931 1866 3018 gemini
1913 2931 2145 2994 fratres
2194 2931 2467 2996 fuerunt.
2554 2931 2665 3012 qui
2710 2953 2853 2994 cum
2902 2931 3259 2996 fortissime

703 3039 1086 3104 dimicarent
1137 3041 1208 3102 in
1257 3039 1580 3124 Hispania
1633 3039 1806 3122 apud
1859 3037 2325 3122 Carthaginem
2378 3059 2645 3120 novam,
2704 3061 2865 3122 quae
2926 3037 3261 3124 Spartaria

705 3145 966 3232 dicitur,
1009 3147 1262 3210 insidiis
1311 3145 1686 3228 interempti
1729 3149 1896 3210 sunt.
2080 3161 2363 3210 GLADEM
2410 3161 2665 3232 L1BYAE
2716 3143 3067 3228 Scipiones,

879 3253 1028 3318 844.
1101 3271 1482 3318 FABRIGIVM
1543 3255 1920 3336 paupertate
1984 3251 2353 3336 gloriosum.
2446 3251 2555 3316 hic
2608 3255 2707 3316 est
2762 3253 2871 3336 qui
2928 3253 3261 3340 respondit

597 3369 662 3420 25
703 3359 936 3444 legatis
1003 3357 1368 3426 Samnitum
1437 3381 1662 3426 aurum
1729 3357 1852 3424 sibi
1921 3357 2367 3444 offerentibus,
2442 3359 2773 3424 Romanos
2834 3381 2967 3426 non
3034 3383 3259 3426 aurum

661 3533 672 3540 ,
701 3465 944 3532 habere
983 3468 1170 3548 velle,
1221 3469 1332 3532 sed
1369 3489 1596 3532 aurum
1631 3465 2029 3530 habentibus
2066 3465 2401 3550 imperare.
2538 3483 2851 3532 SERRANE
2890 3485 3259 3534 SERENTEM

847 3647 912 3714 22
939 3641 1356 3710 Carthaginem
1395 3683 1406 3696 .
1441 3685 1452 3698 .
1485 3681 1494 3694 .
1537 3639 1764 3708 dicitur]
1809 3639 1874 3700 cf.
1913 3639 2043 3694 Isid.
2086 3657 2159 3694 or.
2200 3639 2305 3692 XV
2342 3645 2389 3708 1,
2432 3647 2495 3696 66

1033 3755 1132 3762 --.-.

851 3807 882 3856 2
919 3803 982 3858 in
1013 3803 1230 3872 templo
1257 3801 1482 3860 ,occisus
1519 3801 1606 3856 est
1629 3799 1710 3852 M
1725 3801 1744 3869 11
1769 3801 2007 3870 templo]
2050 3801 2325 3870 templum
2362 3801 2435 3856 F.
2488 3819 2623 3856 nam
2664 3819 2789 3856 cum
2824 3801 3003 3870 Argos
3046 3801 3263 3856 obside-

707 3873 794 3926 ret
831 3873 948 3928 ictu
983 3873 1212 3944 tegulae
1245 3873 1416 3942 periit
1455 3873 1584 3928 add.
1621 3871 1926 3926 Fabricius
1960 3873 1981 3942 ΙΙ
2014 3873 2297 3944 vicerunt]
2342 3871 2529 3936 Quint.
2570 3873 2829 3928 Metellus
2866 3875 2927 3928 et
2960 3873 3263 3930 Mummius

709 3945 836 4000 add.
877 3945 1178 4002 Fabricius
1205 3949 1224 4016 11
1263 3953 1296 4000 3
1335 3947 1454 4018 hic]
1489 3945 1598 3998 hoc
1635 3943 1700 3996 F
1731 3944 1748 4012 11
1785 3949 1822 3996 4
1857 3943 2161 3998 diriuatiuo
2200 3943 2389 3998 ARF
2442 3943 2717 4000 deriuatio
2758 3945 2833 3996 M
2854 3945 2873 4014 11
2916 3951 2945 4000 5
2984 3961 3121 4000 avos
3162 3963 3259 4000 om.

707 4017 820 4070 AS
829 4017 888 4070 F
929 4021 948 4088 11
1003 4025 1034 4072 6
1073 4019 1230 4074 schol.
1269 4021 1348 4074 ad
1383 4033 1590 4074 immin
1625 4035 1674 4068 r.
1713 4033 1766 4068 n.
1809 4031 1906 4086 om.
1947 4015 2143 4082 HLUF
2188 4021 2235 4070 et
2280 4017 2613 4086 exemplaria
2658 4017 2925 4084 impressa
2968 4017 3055 4084 (in
3088 4033 3261 4086 mary.

705 4089 1008 4228 {Zffiw‘il
1023 4095 1094 4216 ὦ
1125 4087 1932 4216 ἓῗεῖἶῗέἃὲῑῃῇοὲἓεῗῖῗῗῗῗι
1941 4085 2791 4228 ifflssJnliffafflffffififf
2824 4091 3265 4230 δοιὲθῗᾶἧηξέθὲᾴ

709 4231 896 4284 autem
933 4231 1222 4286 Mineruae
1257 4229 1474 4302 templa
1507 4227 1728 4298 (templi
1763 4229 1842 4296 R)
1875 4229 2153 4282 temerata
2192 4231 2489 4296 (ternarata
2526 4231 2599 4296 L)
2636 4247 2737 4298 per
2776 4179 3035 4296 siuprum
3072 4179 3261 4296 (tedic-

707 4301 834 4354 rata
867 4319 970 4370 per
1005 4305 1258 4372 stuprum
1297 4305 1480 4372 spatio
1513 4317 1702 4356 nove-m
1733 4299 1848 4364 fere
1873 4299 2185 4354 litterarum
2210 4301 2395 4354 relicto
2434 4317 2533 4354 om.
2556 4299 2629 4368 R)
2674 4299 3009 4354 Cassandrae
3052 4303 3263 4368 (casan-

711 4369 844 4426 drae
871 4371 1010 4440 RL)
1051 4373 1190 4428 dicit
1227 4377 1352 4430 add.
1373 4373 1492 4428 RL
1527 4377 1580 4426 et
1605 4371 1942 4438 exemplaria
1966 4371 2229 4440 impressa
2254 4371 2273 4440 ΙΙ
2302 4371 2549 4424 militurn
2578 4371 2635 4422 F
2658 4373 2679 4440 11
2708 4377 2773 4424 12
2814 4387 2847 4424 a
2874 4372 2997 4426 loco
3028 4371 3261 4444 dictum]

709 4441 836 4506 fort.
873 4443 948 4496 ab
985 4461 1126 4512 equo
1165 4443 1446 4500 deiectum
1479 4443 1562 4498 vel
1595 4443 1722 4494 loco
1757 4439 2057 4494 deiectum.
2112 4443 2181 4508 cf.
2222 4441 2347 4494 Liv.
2386 4441 2467 4506 IV
2504 4445 2589 4508 19,
2624 4441 2707 4510 411
2752 4449 2817 4496 13
2854 4443 3037 4512 spolia
3076 4443 3265 4512 opima
3326 4507 3331 4512 ,

713 4511 788 4564 M
813 4515 832 4584 11
869 4515 1182 4588 revocavit]
1225 4513 1536 4584 reportavit
1573 4510 1876 4566 Fabricius
1931 4511 2227 4566 renovavit
2260 4511 2611 4582 Dempsterus
2650 4515 2843 4568 retulit
2878 4515 2947 4568 G.
2986 4513 3211 4568 Vossius
3246 4515 3265 4586 1]

711 4585 900 4638 autem
937 4601 1036 4642 om.
1079 4587 1122 4642 S
1145 4589 1164 4658 11
1213 4593 1274 4642 14
1313 4589 1396 4642 Iar
1431 4587 1504 4656 311
1547 4587 1612 4636 15
1651 4599 1778 4636 orm
1819 4583 1870 4636 A
1927 4601 2125 4638 onmem
2162 4585 2229 4638 H
2276 4599 2473 4638 ennom
2510 4583 2623 4638 Ma
2652 4587 2671 4656 ΙΙ
2698 4601 2923 4654 grescos
2958 4585 3093 4638 ΑΗ
3140 4603 3265 4656 gra-

695 4653 846 4710 -chos
877 4657 952 4710 M
959 4677 994 4714 a
1019 4661 1038 4730 11
1071 4665 1134 4714 16
1171 4659 1448 4728 Scipionis
1485 4673 1584 4710 om.
1607 4653 1674 4706 H
1695 4655 1714 4724 11
1741 4657 1808 4706 17
1845 4655 1991 4708 unde
2020 4653 2301 4710 Iuvenalis
2332 4695 2345 4706 .
2364 4695 2377 4710 .
2398 4695 2411 4708 .
2446 4655 2557 4710 duo
2594 4659 2783 4710 autem
2818 4657 3049 4712 fuerunt
3082 4673 3183 4712 om.
3202 4659 3275 4710 H

711 4723 732 4794 11
753 4725 1020 4806 tuumque
1043 4731 1156 4788 As
1181 4735 1314 4800 (que
1341 4733 1440 4788 del.
1463 4731 1516 4800 a)
1545 4729 1566 4796 ΙΙ
1595 4729 1658 4778 18
1691 4725 2009 4782 annibalem
2028 4727 2107 4780 M
2122 4729 2141 4796 11
2174 4733 2237 4780 19
2266 4725 2389 4810 grai
2410 4725 2467 4780 A
2500 4727 2703 4796 grachi
2728 4729 2845 4782 Ma
2872 4729 2891 4798 11
2920 4725 3263 4784 Aemilianus

713 4815 892 4852 mmor
921 4809 1050 4868 post
1087 4803 1462 4860 Hannibalem
1497 4796 1778 4854 collocavit
1809 4797 2145 4864 Manium,
2188 4815 2275 4854 cui
2314 4799 2395 4852 ita
2434 4799 2739 4854 adsentitur
2776 4801 3167 4868 Burmannus,
3202 4805 3265 4854 ut

705 4875 836 4936 post
867 4871 1054 4926 minor
1089 4875 1356 4944 quaedam
1389 4869 1732 4932 intercidisse
1763 4869 1932 4938 dicat,
1966 4873 2133 4938 veluti
2170 4869 2265 4938 qui
2304 4869 2497 4926 urbem
2538 4869 2741 4926 evertit
2776 4869 2857 4924 vel
2896 4869 3119 4926 delevit.
3150 4875 3171 4942 11
3196 4879 3265 4926 20

717 4941 1034 4998 annibalem
1067 4947 1140 4998 M
1161 4949 1186 5016 11
1213 4953 1278 5002 22
1311 4947 1512 5016 ispalia
1539 4941 1610 4998 H
1637 4941 1860 5010 ispania
1887 4945 1969 4996 M
1988 4945 2005 5010 ΙΙ
2034 4949 2101 4998 23
2140 4941 2295 5012 sunt]
2334 4959 2571 5008 quorum
2596 4943 2743 4996 alter
2776 4941 2957 5010 pater,
2992 4943 3137 4996 alter
3172 4961 3263 5014 pa-

713 5013 872 5066 truus
911 5015 1176 5084 scipionis
1217 5019 1452 5076 africani
1487 5013 1716 5070 maioris
1751 5013 1876 5068 add.
1909 5013 1969 5068 D
1994 5017 2013 5082 11
2044 5013 2353 5084 Scipiones]
2392 5013 2667 5068 africanos
2740 5031 2857 5082 noe,
2898 5013 3169 5070 maiorem
3208 5015 3265 5068 et

717 5081 1004 5154 minorem,
1043 5105 1278 5156 quorum
1319 5091 1464 5146 alter
1497 5085 1640 5142 uicit
1677 5085 2089 5154 carthaginem,
2126 5087 2269 5142 alter
2308 5085 2517 5140 deleuit
2556 5085 2683 5140 add.
2808 5085 2827 5154 ΙΙ
2860 5091 2931 5142 26
2968 5103 3167 5142 summ:
3202 5085 3273 5140 H
