3900 5784
723 629 810 696 84
1881 631 2125 684 ssavn

723 793 902 858 aliud
937 795 1054 854 est.
1131 791 1470 874 Tantalus,
1521 813 1630 852 rex
1669 789 2177 872 Corinthiorum,
2218 789 2459 854 amicus
2500 789 2875 852 numinibus
2910 789 3049 854 fuit,
3112 813 3271 874 quae

717 919 864 964 eum
931 897 1298 980 frequenter
1361 883 1710 978 susciperet
1779 899 1842 960 et
1907 897 2183 978 quodam
2250 899 2539 978 tempore
2608 895 2959 958 defuissent
3024 897 3271 980 epulae,

715 1004 926 1068 filium
969 1025 1160 1068 suum
1203 1003 1512 1086 Pelopem
1557 1003 1792 1068 oceidit
1833 1007 1904 1064 et
1943 1001 2065 1066 diis
2118 1001 2507 1086 epulandum
2552 1001 2875 1086 adposuit.
2956 1005 3115 1066 tune
3158 1005 3269 1068 ab·

717 1111 1110 1174 stinentibus
1161 1109 1430 1194 eunetiS,
1479 1107 1672 1174 Ceres
1717 1129 2015 1170 umerum
2062 1109 2197 1172 eius
2250 1109 2485 1190 exedit,
2532 1113 2597 1172 et
2644 1131 2787 1172 cum
2826 1131 2971 1172 eum
3022 1107 3111 1170 dii
3154 1111 3271 1192 per

647 1231 680 1278 5
715 1215 1104 1278 Mercurium
1175 1237 1468 1280 revocare
1539 1215 1616 1278 ad
1683 1237 1946 1296 superos
2012 1215 2279 1296 vellent,
2346 1215 2659 1278 eburneus
2726 1217 2783 1278 ei
2850 1221 2947 1278 est
3010 1237 3267 1278 umerus

715 1323 1084 1404 restitutus,
1143 1327 1212 1386 ut
1271 1343 1678 1404 umeroque
1723 1319 2009 1404 Pelops
2064 1321 2405 1406 insignis
2460 1321 2773 1384 eburno.
2862 1323 3005 1386 ideo
3052 1325 3265 1386 autem

717 1430 856 1492 sola
889 1425 1080 1492 Ceres
1123 1429 1356 1494 dieitur
1401 1439 1708 1510 comesse,
1761 1429 1908 1512 quia
1943 1429 2087 1512 ipsa
2128 1431 2227 1492 est
2264 1413 2467 1510 terra,
2512 1449 2671 1512 quae
2710 1449 2941 1512 eorpus
2982 1429 3267 1494 resolvit.

713 1557 832 1620 per
867 1533 1258 1600 Mercurium
1299 1538 1516 1601 autem
1555 1534 1638 1597 ob
1683 1533 1806 1596 1100
1851 1535 2121 1620 fingitur
2170 1557 2305 1598 esse
2356 1537 2717 1616 revocatuS,
2768 1533 2935 1618 quod
2986 1535 3125 1618 ipse
3170 1539 3271 1598 est

717 1641 872 1704 deus
921 1641 1322 1726 prudentiae,
1369 1665 1486 1726 per
1525 1663 1714 1726 quam
1759 1641 2133 1724 philosophi
2168 1641 2721 1726 deprehenderunt
2758 1643 3267 1722 παλιγγενεσίαν

613 1759 682 1808 10
717 1749 822 1812 vel
877 1745 1404 1832 μετεμψύχωσιν.
1491 1745 1804 1812 Tantalus
1861 1751 2071 1812 autem
2138 1749 2259 1812 hae
2310 1749 2451 1834 lege
2512 1749 2677 1830 apud
2734 1749 2975 1812 inferos
3034 1747 3271 1812 dieitur

713 1877 854 1920 esse
905 1857 1278 1938 damnatuS,
1335 1843 1526 1920 utin
1567 1851 1854 1918 Eridano
1913 1857 2265 1918 inferorum
2318 1859 2497 1920 stans
2552 1875 2671 1918 1100
2726 1853 2913 1920 undis
2970 1875 3267 1938 praesen-

713 1961 890 2026 tibus
937 1983 1056 2026 nee
1097 1961 1326 2026 vicinis
1367 1961 1512 2024 eius
1559 1961 1872 2042 pomariis
1919 1959 2303 2044 perfruatur.
2378 1983 2491 2044 per
2538 1961 2695 2024 haee
2736 1965 2947 2026 autem
2992 1959 3265 2024 avaritia

715 2067 1152 2152 significatur,
1205 2073 1284 2130 ut
1327 2069 1524 2132 etiam
1571 2067 1884 2130 Horatius
1933 2067 2111 2148 quid
2160 2067 2409 2130 rides?
2468 2069 2767 2130 mutato
2820 2067 3133 2130 nomine
3178 2067 3267 2130 de

711 2177 786 2238 te
831 2175 1096 2238 fabula·
1137 2177 1514 2238 narratur.
1653 2189 2069 2238 GENIALIBVS
2112 2173 2311 2244 veluti
2350 2173 2745 2256 genialibus:
2788 2195 2939 2236 nam
2980 2173 3265 2256 geniales

607 2293 678 2340 15
711 2281 972 2364 proprie
1027 2283 1176 2344 sunt
1221 2281 1332 2364 qui
1391 2283 1768 2344 sternuntur
1819 2278 2053 2360 puellis
2106 2277 2499 2340 nubentibus
2510 2329 2527 2362 ‚
2582 2277 2741 2342 dieti
2794 2301 2833 2340 a
2884 2279 3265 2364 generandis

711 2385 950 2452 liberis

891 2493 1038 2556 604.-
1059 2517 1076 2526 ·
1107 2509 1344 2556 AVREA
1393 2509 1668 2556 FVLCRA
1713 2493 1944 2574 quibus
1994 2489 2323 2574 fulcimur,
2370 2491 2437 2554 id
2458 2475 2581 2556 qest
2630 2493 3039 2556 sustinemur.

891 2595 1038 2662 605.
1107 2615 1442 2664 REGIFIOO
1487 2617 1680 2662 vav
1727 2597 1938 2682 regali
1996 2595 2263 2660 ambitu.
2458 2615 2817 2662 FVRIARVM
2866 2615 3145 2662 MAXIMA
3196 2597 3265 2662 id

711 2709 814 2768 est
855 2705 1242 2788 saevissima,
1289 2705 1532 2770 hoe‘est
1571 2703 1830 2788 Fames,
1879 2709 1955 2768 ut
2000 2703 2141 2784 (ΙΙΙ
2182 2703 2357 2786 252>
2406 2703 2623 2766 vobis
2668 2701 3073 2768 Furiarum
3126 2725 3263 2788 ego

603 2823 676 2872 20
711 2811 1042 2874 maxima
1085 2811 1354 2894 pando.
1431 2811 1592 2876 unde
1647 2815 1708 2874 et
1755 2811 1993 2874 famem
2042 2811 2481 2894 praenuntiat,
2530 2813 2603 2874 ut
2650 2811 2815 2874 hane
2860 2827 3003 2874 esse
3038 2809 3261 2874 Furia·
3366 2841 3369 2844 ⁴

709 2941 850 2982 rum
901 2905 1244 2982 maximam
1297 2917 1542 2982 doceat.

809 3065 814 3068 -
889 3021 1038 3086 606.
1107 3039 1196 3086 ET
1243 3039 1552 3088 MANIBVS
1597 3023 1860 3088 illorum
1911 3023 2181 3106 scilieet,
2224 3043 2357 3086 non
2408 3023 2557 3086 suis,
3038 3095 3043 3100 ,

887 3129 1038 3192 607.
1103 3147 1340 3192 FACEM
1369 3145 1784 3192 ATTOLLENs
1821 3129 2089 3192 iniciens
2130 3129 2343 3212 ignem
2388 3129 2723 3210 avaritiae,
2762 3131 2831 3192 ut
2872 3129 3261 3194 abstineant.

809 3291 816 3300 .
887 3235 1036 3300 608.
1107 3253 1322 3300 INVISI
1357 3251 1674 3300 FRATRES
1709 3233 1872 3298 haee
1911 3233 2169 3318 quidem
2198 3237 2455 3298 constat
2488 3235 2659 3300 dieta
2684 3255 2823 3298 esse
2856 3235 3265 3320 generaliter,

601 3357 672 3404 25
709 3345 982 3426 possunt
1037 3345 1254 3406 tamen
1313 3341 1512 3406 etiam
1559 3339 1640 3404 ad
1689 3339 1965 3422 speeiem
2024 3339 2221 3422 trahi,
2282 3345 2353 3402 ut
2400 3339 2775 3426 Aegyptum
2830 3343 2899 3402 et
2942 3339 3259 3426 Danaum,

851 3575 878 3622 1
923 3567 1192 3624 Tantalus
1227 3585 1272 3622 0.
1313 3587 1362 3638 q.
1407 3569 1472 3638 s.]
1527 3583 1692 3620 exser.
1731 3567 2013 3636 mythogr.
2054 3567 2103 3620 ΙΙ
2146 3573 2263 3634 102,
2302 3567 2383 3618 ΠΙ
2422 3573 2469 3630 6,
2510 3572 2591 3624 21,
2654 3567 2719 3622 ef.
2758 3569 3037 3636 mythogr.
3074 3569 3099 3620 Ι
3146 3577 3203 3620 12
3242 3567 3261 3640 Η

709 3649 738 3696 6
779 3639 1104 3710 umeroque]
1147 3657 1332 3708 georg.
1361 3639 1444 3692 ΙΙΙ
1473 3645 1500 3692 7
1533 3639 1554 3704 ΙΙ
1581 3643 1644 3690 13
1685 3639 1973 3710 Horatius]
2018 3641 2117 3692 sat.
2160 3641 2183 3690 1
2214 3645 2263 3704 1,
2296 3645 2359 3692 69
2392 3641 2409 3709 ΙΙ
2442 3643 2503 3690 14
2542 3653 2673 3692 nam
2706 3641 2955 3706 geniales
2988 3681 3001 3692 .
3034 3681 3045 3696 .
3078 3681 3089 3692 .
3120 3639 3257 3692 libe-

705 3711 810 3782 ris]
849 3727 1022 3768 exser.
1063 3709 1192 3764 Isid.
1229 3709 1332 3762 XX
1371 3717 1456 3780 11,
1485 3717 1520 3764 5
1551 3711 1566 3778 ΙΙ
1605 3713 1668 3762 17
1707 3709 1912 3774 quibus
1947 3753 1961 3764 .
1992 3751 2007 3764 .
2040 3753 2053 3764 .
2092 3707 2453 3780 sustinemur]
2498 3725 2665 3762 exsor.
2704 3707 2827 3762 Isid.
2872 3709 3003 3762 XIX
3040 3715 3125 3778 26,
3154 3717 3185 3762 3

855 3931 880 3978 1
937 3923 1090 3978 aliud
1127 3927 1240 3990 est,
1291 3939 1394 3994 quo
1431 3921 1762 3988 scholiam-3,
1809 3923 1924 3978 nisi
1956 3925 2153 3990 fallor,
2196 3923 2467 3978 ostendere
2504 3923 2677 3978 voluit
2716 3921 2919 3978 ‘lucent
2950 3923 3263 3990 yem‘alibus

707 3995 858 4050 altis’
903 4013 944 4050 e.
969 4013 1030 4064 q.
1069 4011 1108 4048 3.
1157 4011 1272 4048 non
1315 3995 1390 4050 ad
1427 3995 1632 4048 Iaeio‘na
1675 3993 2089 4064 Pirithoumque
2128 3997 2429 4062 pertinere,
2470 4011 2571 4050 om.
2612 3993 2753 4046 FO.-
2802 3995 2903 4062 qm‘
2940 3995 3085 4062 quod
3134 4001 3259 4048 ante

707 4065 978 4120 Tantalus
1017 4065 1270 4120 exhibent
1305 4067 1450 4120 sicut
1485 4079 1656 4134 supra
1691 4063 1932 4118 diximus
1966 4068 2031 4120 ‘id
2062 4081 2177 4120 ‘non
2210 4071 2289 4120 est
2322 4065 2529 4134 Servii,
2574 4069 2671 4134 qui
2714 4065 2781 4116 in
2812 4065 3083 4120 Aeneidos
3122 4083 3255 4118 com-

705 4139 984 4206 mentario,
1017 4137 1316 4190 Tantalum
1349 4153 1464 4190 ‘non
1499 4137 1957 4202 commemoravit,
1996 4137 2071 4190 ad
2102 4153 2281 4206 yeovy.
2310 4137 2387 4188 ΠΙ
2418 4143 2447 4190 7
2476 4153 2669 4204 pauca
2700 4137 2769 4188 de
2802 4151 2861 4188 eo
2900 4137 3045 4190 dimit
3068 4137 3087 4206 ΙΙ
3116 4135 3257 4190 Tan-

707 4207 878 4276 talus]
921 4207 1064 4260 iouis
1099 4211 1162 4260 et
1197 4207 1356 4274 egine
1397 4207 1548 4260 filius
1581 4209 1708 4260 add.
1749 4205 1812 4258 F
1849 4209 1870 4272 ΙΙ
1917 4207 2317 4260 chorintiorum
2350 4207 2421 4260 H
2466 4205 2829 4260 eorithiorum
2868 4205 2983 4260 FO
3026 4209 3043 4276 ΙΙ
3078 4209 3255 4278 quae]

705 4275 806 4346 qui
831 4279 904 4330 M
939 4277 1058 4344 (qui
1093 4293 1220 4330 eum
1257 4279 1578 4344 frequenter
1613 4293 1710 4330 eos
1747 4277 2055 4344 susciperet
2080 4275 2391 4344 Stephanus
2418 4277 2627 4330 Daniel
2658 4277 2783 4344 alii)
2808 4277 2827 4342 ΙΙ
2856 4281 2889 4328 2
2928 4277 2985 4328 et
3016 4293 3111 4328 om.
3144 4277 3259 4332 FU

703 4347 720 4420 ΙΙ
757 4349 890 4402 dum
931 4347 1238 4400 defuissent
1275 4347 1392 4400 FO
1413 4353 1432 4416 ΙΙ
1455 4353 1488 4400 4
1531 4349 1744 4400 eunctis
1785 4363 1882 4400 om.
1923 4347 1983 4400 F
2006 4349 2027 4416 ΙΙ
2054 4347 2339 4400 humerum
2384 4347 2645 4400 ASRM
2666 4347 2683 4414 ΙΙ
2712 4347 2933 4400 excedit
2968 4347 3029 4398 ΙΙ
3056 4349 3073 4418 Η
3104 4349 3253 4418 eum]

703 4421 838 4472 dum
873 4419 986 4472 FO
1011 4419 1032 4488 ΙΙ
1061 4435 1188 4472 eum
1223 4433 1324 4470 om.
1351 4417 1410 4470 A
1437 4422 1454 4487 ΙΙ
1481 4423 1514 4472 5
1557 4417 1626 4470 ad.
1665 4433 1890 4486 superos
1929 4433 2031 4476 om.
2062 4419 2115 4472 R
2142 4421 2163 4488 Ι]
2188 4417 2447 4470 humerus
2476 4417 2583 4470 AS
2592 4415 2733 4470 ΒΜ
2754 4419 2775 4486 ΙΙ
2802 4423 2831 4470 6
2870 4417 3115 4472 restituti
3154 4419 3213 4472 F
3238 4429 3255 4492 ῃ

705 4491 768 4544 ut
815 4505 1116 4560 umeroque
1167 4491 1386 4558 scripsi:
1437 4489 1580 4542 sieut
1623 4507 1794 4558 supra
1835 4489 2181 4558 humeroque
2216 4489 2475 4542 ASRM
2530 4503 2831 4558 umeroque
2872 4491 2939 4542 H
2988 4491 3135 4544 unde
3172 4503 3259 4546 est

707 4579 1006 4630 umeroque
1047 4559 1164 4616 FO
1183 4563 1204 4630 ΙΙ
1227 4559 1426 4630 pelobs
1465 4557 1608 4628 0117
1653 4561 1824 4614 soluit
1861 4563 1936 4614 M
1958 4563 1977 4630 Ι]
2008 4565 2041 4614 8
2078 4561 2207 4630 hoo]
2250 4563 2335 4614 est
2374 4561 2499 4614 add.
2540 4557 2605 4612 H
2626 4560 2647 4629 ΙΙ
2674 4575 2793 4614 esse
2828 4575 2929 4616 om.
2968 4561 3203 4616 ASFG
3234 4562 3253 4634 Η

705 4639 736 4686 9
785 4649 950 4700 quem
993 4633 1110 4686 FC
1163 4633 1182 4702 ΙΙ
1233 4631 1656 4700 palingenesian
1713 4629 1806 4684 uel
1851 4629 2359 4700 metempsychosin
2412 4633 2491 4686 vel
2548 4629 3001 4698 metempsieosin
3056 4635 3187 4686 libri
3236 4641 3253 4704 5}
3304 4631 3307 4636 ’

693 4709 770 4758 -11
813 4705 1080 4758 heridano
1115 4703 1226 4758 AS
1259 4701 1530 4758 eridiano
1571 4701 1614 4752 0
1647 4703 1668 4770 ΙΙ
1715 4707 1776 4752 12
1819 4701 1868 4754 01
1907 4701 2053 4754 ΗΜ
2078 4704 2095 4772 ss
2138 4701 2491 4770 perfruantur
2530 4701 2587 4754 F
2616 4703 2639 4770 ΙΙ
2674 4701 3019 4772 perfruatur]
3056 4719 3251 4770 quem-

705 4773 1002 4828 admodum
1041 4775 1110 4828 et'
1131 4773 1392 4830 homerus
1431 4775 1486 4826 in
1527 4771 1764 4840 odyssea
1803 4773 2069 4828 describit
2100 4789 2289 4826 novem
2314 4789 2565 4826 versuum
2588 4773 2773 4842 spatio
2796 4775 2981 4826 relicto
3020 4775 3145 4828 add.
3176 4773 3251 4830 D,

705 4845 774 4914 ef.
815 4843 912 4898 Od.
945 4845 1018 4898 XI
1051 4849 1152 4898 582
1183 4849 1200 4914 ΙΙ
1227 4845 1444 4916 autem]
1481 4859 1622 4914 quae
1661 4845 1886 4898 narrata
1923 4849 2053 4898 sunt
2086 4845 2213 4898 add.
2242 4845 2305 4896 F
2324 4846 2343 4913 ΙΙ
2376 4851 2441 4896 13
2480 4845 2653 4898 etiam
2686 4859 2789 4896 om
2818 4841 2935 4896 FO
2954 4843 2975 4910 ΙΙ
3004 4845 3127 4912 quit
3166 4845 3211 4898 0
3232 4847 3251 4914 [ξ

707 4923 774 4970 14
813 4917 1014 4986 ueluti]
1039 4917 1150 4978 ⁸uel
1189 4917 1286 4968 aut
1323 4917 1378 4968 in
1407 4917 1470 4970 F
1519 4915 1678 4968 uelut
1709 4915 1768 4968 in
1801 4915 1846 4968 0
1867 4917 1888 4982 ΙΙ
1917 4915 2209 4986 genalibus
2236 4917 2341 4968 A&
2370 4916 2391 4981 Ι]
2422 4923 2483 4968 17
2524 4931 2767 4968 rvncnRA
2794 4915 2919 4968 AB
2944 4917 2961 4984 ΙΙ
2996 4921 3059 4968 18
3090 4917 3251 4986 regio

705 4989 778 5044 Μ
799 4991 818 5058 ΙΙ
845 4987 900 5040 id
945 4993 1026 5040 est.
1067 5027 1078 5040 .
1107 5027 1118 5040 .
1153 5029 1164 5040 .
1203 4989 1386 5056 pando
1427 5005 1524 5040 om.
1561 4987 1632 5040 M
1659 4987 1676 5054 ΙῙ
1707 4991 1770 5038 19
1807 4987 1971 5040 famis
2000 4985 2117 5038 FO
2140 4989 2161 5052 ΙΙ
2188 4991 2253 5038 20
2294 4989 2347 5038 et
2386 5001 2481 5040 om.
2514 4983 2759 5038 ASRH
2776 4985 2803 5052 ἸΙ
2826 4985 3155 5052 pronuntiat
3192 4987 3257 5054 E

705 5063 720 5136 Η
755 5073 874 5116 0000
915 5075 1012 5112 om,
1039 5059 1102 5110 M
1133 5059 1154 5126 ΙΙ
1183 5065 1246 5112 25
1289 5059 1496 5126 speeies
1525 5057 1692 5112 AS&
1739 5057 1987 5128 speciaes
2016 5057 2077 5110 F
2096 5057 2115 5124 ΙΙ
2146 5054 2387 5124 egistum
2416 5057 2491 5110 M
2510 5061 2531 5124 ΙΙ
2554 5039 2795 5130 (1011311111
2822 5055 2893 5108 Η
2930 5057 3173 5110 danaum
3202 5057 3253 5114 0

2688 5149 2715 5286 s
