3900 5784
681 637 810 702 152
1623 701 1626 704 ⁴
1841 629 2083 684 sssavn

861 797 1008 858 320.
1083 805 1334 866 cISSEIS
1389 789 1616 872 regina
1669 791 1938 858 Hecuba
1996 789 2131 852 filia
2188 787 2533 852 secundum
2586 787 2965 872 Euripidem
3010 783 3235 868 Cissei,

679 923 876 984 quem
935 899 1188 964 Ennius
1255 901 1310 960 et
1365 887 1678 964 Pacuvius
1749 903 1812 964 et
1867 899 2195 984 Vergilius
2262 899 2641 984 sequuntur:
2708 919 2857 960 nam
2912 893 3235 958 Homerus

679 1007 1026 1090 Dymantis
1083 1005 1258 1068 dicit.
1329 1005 1494 1070 haec
1545 1029 1614 1070 se
1667 1007 1878 1070 facem
1923 1017 2151 1088 parere
2202 1007 2365 1072 vidit
2420 1009 2489 1068 et
2542 1005 2741 1068 Parin
2794 1005 3061 1084 creavit,
3122 1005 3233 1086 qui

681 1133 880 1176 causa
929 1113 1058 1178 fuit
1115 1111 1410 1178 incendii.
1503 1135 1652 1200 ergo
1711 1137 1880 1178 nunc
1935 1113 2061 1180 hoc
2110 1113 2291 1196 dicit7
2348 1113 2499 1178 talis
2558 1113 2679 1176 erit
2726 1113 2965 1178 Veneri
3008 1115 3235 1196 partus

613 1235 644 1278 ὃ
683 1241 868 1286 suus:
925 1241 1080 1284 nam
1139 1219 1304 1284 sicut
1361 1241 1476 1304 per
1529 1221 1728 1284 Parin
1781 1221 1981 1284 Troia
2038 1221 2275 1284 iniuria
2338 1225 2721 1302 consumpta
2782 1227 2905 1304 est,
2974 1219 3067 1284 sic
3122 1241 3237 1302 per

681 1325 950 1390 Aenean
1021 1327 1326 1410 reliquiae
1395 1325 1836 1392 Troianorum.
1937 1329 2323 1412 conparatio
2388 1331 2607 1392 autem
2668 1327 3009 1392 iniuriosa:
3086 1349 3235 1390 nam

681 1431 924 1496 Veneri
973 1431 1332 1518 Hecubam,
1379 1433 1576 1498 Parin
1617 1433 1898 1520 Aeneae,
1943 1433 2263 1498 Helenam
2308 1433 2617 1500 Laviniae
2662 1441 2991 1518 conparat.
3136 1453 3239 1498 IV-

683 1555 906 1604 GALEs
953 1541 1360 1624 coniugales„
1405 1541 1824 1606 matrimonio
1875 1545 1928 1606 et
1974 1541 2273 1624 san-quine
2318 1545 2673 1626 conceptos,

867 1649 1014 1712 321.
1085 1665 1264 1714 1DEM
1305 1647 1490 1726 talis,
1535 1649 1788 1716 similis.

587 1767 650 1814 ιο
869 1757 1016 1820 322.
1087 1773 1596 1834 FVNESTAEQVE
1641 1775 1908 1822 ITERVM
1947 1773 2281 1824 nEchvA
2322 1775 2395 1822 m
2434 1773 2767 1822 PERGAMA
2818 1773 3101 1822 TAEDAE
3148 1759 3241 1822 sic

681 1863 914 1926 taedae
959 1863 1302 1948 recidivae,
1341 1867 1424 1928 ‘ut
1469 1863 1800 1950 Pergama.

867 1971 1014 2034 324.
1083 1987 1512 2036 LVOTIFIGAM
1539 1989 1860 2036 ALLEGTO
1891 1969 2175 2036 Graecus
2208 1973 2613 2036 accusativus
2648 1977 2751 2038 est.
2794 1973 2989 2036 huius
3024 1975 3241 2036 autem

685 2077 1142 2144 declinationis
1185 2081 1316 2142 tres
1371 2083 1612 2144 tantum
1657 2099 1842 2144 casus
1891 2101 2305 2164 usurpamus,
2364 2081 2761 2164 genetivum,
2812 2084 2887 2143 ut
2932 2079 3247 2164 Allectus,

685 2185 1162 2250 nominativum
1209 2187 1278 2248 et
1319 2187 1790 2270 accusativum,
1837 2189 1932 2258 ut
1958 2183 2233 2250 Allecto,

585 2301 652 2348 15
869 2291 1016 2356 327.
1089 2307 1258 2356 omi*
1309 2309 1404 2354 ET
1459 2309 1614 2358 IPSE
1671 2309 1902 2356 PATER
1960 2309 2239 2358 PLvroN
2298 2293 2739 2358 venerationis
2802 2299 2901 2358 est
2966 2293 3243 2376 ‘pater'z

685 2419 840 2462 nam
889 2397 1092 2462 furiae
1143 2397 1532 2464 Acherontis
1577 2403 1646 2462 et
1689 2397 1922 2464 Noctis
1970 2397 2143 2462 filiae
2186 2399 2359 2462 sunt.

869 2505 1016 2570 330.
1089 2523 1202 2570 HIS
1253 2523 1458 2572 AOVIT
1507 2523 1754 2574 VERBIS
1799 2505 2095 2570 inritavit
2142 2509 2205 2568 et
2252 2505 2593 2592 instigavit
2638 2505 2773 2570 eius
2820 2507 3153 2572 insaniam.

869 2613 1018 2678 331.
1089 2631 1446 2678 PROPRIVM
1497 2619 1610 2682 aut
1665 2613 1788 2678 tibi
1833 2617 2085 2700 aptum:
2134 2615 2249 2678 aut
2290 2617 2461 2676 certe
2510 2617 2913 2700 perpetuum,
2974 2613 3249 2680 indefes-

691 2743 834 2784 sum
843 2771 864 2806 7
919 2743 1124 2804 usque
1181 2721 1266 2784 ad
1317 2721 1514 2786 finem
1567 2721 2057 2806 perducendum.
2152 2723 2217 2784 et
2266 2721 2593 2784 sciendum
2638 2721 2779 2786 ideo
2828 2719 3035 2784 furiae
3084 2721 3249 2786 nihil

585 2835 656 2886 20
693 2851 810 2912 pro
871 2827 1162 2912 praemio
1217 2823 1388 2912 dari,
1443 2829 1592 2912 quia
1649 2831 2023 2912 praestatur
2062 2827 2187 2894 hoc
2236 2829 2445 2910 ipsum
2494 2829 2697 2894 furiae
2748 2829 2815 2894 ut
2864 2829 3031 2892 bella
3078 2851 3247 2892 com—

691 2937 952 3002 moveat
997 2939 1062 3000 et
1107 2937 1184 3000 ut
1229 2935 1478 3000 dicatur
1529 2935 1888 3000 defendisse
1931 2933 2267 3000 Iunonem.

873 3043 1022 3108 332.
1095 3057 1452 3106 INFRAOTA
1503 3045 1614 3108 aut
1659 3042 1842 3106 valde
1891 3043 2125 3108 fracta:
2170 3045 2285 3106 aut
2320 3063 2485 3124 quae
2522 3041 2647 3106 fuit
2682 3041 2959 3106 antehac
3000 3063 3253 3126 semper

691 3135 1000 3230 infracta,
1055 3151 1130 3212 ut
1185 3147 1256 3212 in
1307 3147 1452 3212 XII.
1503 3149 1632 3234 <1>
1689 3149 1993 3214 Turnus
2048 3153 2131 3212 ut
2182 3147 2569 3212 infractos
2630 3147 2947 3212 adverso
3004 3147 3251 3214 Marte

693 3255 1022 3320 Latinos
1067 3255 1446 3320 defecisse
1493 3255 1722 3320 videt.

587 3371 658 3420 25
877 3363 1028 3426 333.
1091 3379 1326 3426 CEDAT
1355 3379 1548 3426 FAMA
1585 3379 1772 3428 LOCO
1811 3363 2135 3428 vincatur:
2172 3361 2397 3428 Cicero
2432 3363 2603 3426 loco
2644 3363 2779 3426 ille
2818 3367 3067 3426 motus
3110 3367 3255 3444 est,

697 3491 860 3534 cum
913 3473 1032 3534 est
1077 3491 1164 3534 ex
1209 3471 1398 3534 urbe
1443 3471 1826 3558 depulsus.
1966 3489 2229 3536 AMBIRE
2270 3489 2579 3536 LATINVM
2620 3471 2943 3554 amplecti,
2988 3471 3253 3534 circum-

843 3669 872 3718 1
915 3665 1112 3734 regina
1141 3663 1372 3718 Hecuba
1411 3681 1452 3720 e.
1485 3683 1540 3734 q.
1567 3665 1636 3736 s]
1677 3681 1846 3720 exscr.
1881 3667 2037 3720 Luct.
2066 3665 2213 3720 Plac.
2248 3663 2317 3720 ad
2350 3665 2487 3718 Stat.
2520 3665 2655 3720 Ach.
2686 3663 2711 3714 Ι
2742 3669 2823 3720 22.
2878 3665 2941 3718 cf.
2974 3665 3255 3732 mythogr.

697 3735 750 3876 {I
789 3735 1322 3876 ἑΞέῚΙΙῙὲὃΜίῗίοθῑο]
1361 3735 1422 3788 in
1455 3735 1572 3792 Cat.
1613 3735 1668 3788 II
1705 3743 1752 3804 1,
1787 3741 1814 3790 1
1851 3737 1872 3806 ΙΙ
1919 3741 1987 3790 26
2026 3755 2221 3792 Annum
2260 3735 2529 3806 amplecti
2562 3735 2969 3804 circumretire]
3012 3735 3079 3788 cf.
3112 3737 3255 3790 Non.

843 3975 872 4022 1
915 3987 1076 4022 c1sms
1113 3969 1230 4022 AL
1269 3970 1290 4038 ΙΙ
1323 3969 1628 4024 secundum
1665 3969 1971 4038 euripidem
2010 3969 2131 4026 filia
2164 3969 2219 4024 R
2256 3971 2275 4040 ss
2310 3969 2665 4038 euripidinen
2700 3967 2749 4020 S
2798 3965 3111 4036 eruipidem
3148 3967 3209 4020 F
3244 3965 3261 4036 Η

701 4041 836 4096 cisei
873 4037 982 4094 AS
991 4041 1048 4092 L
1083 4041 1104 4110 ΙΙ
1151 4047 1182 4092 2
1219 4041 1488 4110 pacubius
1527 4041 1578 4096 A
1639 4041 1912 4112 pacauius
1941 4041 2005 4094 F
2038 4045 2053 4112 ΙΙ
2098 4059 2229 4096 nam
2270 4041 2545 4096 Homerus
2578 4039 2877 4108 Dymantis
2914 4035 3073 4108 dicit]
3128 4055 3259 4092 nam

591 4131 596 4134 ·
701 4113 1004 4166 secundum
1043 4113 1332 4166 homerum
1371 4111 1638 4168 dimantis
1677 4113 1794 4166 filia
1827 4109 1938 4166 fuit
1964 4113 2023 4168 R
2050 4117 2065 4184 ΙΙ
2108 4113 2409 4184 Homerus]
2446 4113 2679 4182 loquens
2716 4113 2785 4164 de
2822 4111 2957 4164 Asio
3000 4111 3259 4164 Hecubae

699 4185 870 4238 fratre
913 4183 1038 4236 add.
1077 4183 1326 4236 Fabrius
1371 4185 1392 4252 l}
1437 4191 1466 4236 3
1509 4183 1776 4238 dimantis
1815 4185 1944 4238 libri
1986 4187 2007 4254 ΙΙ
2050 4183 2211 4254 dicit]
2256 4181 2731 4254 αὐτοκασίγνητος
2774 4227 2785 4236 .
2812 4223 2825 4236 .
2862 4221 2875 4234 .
2914 4183 3259 4250 Σαγγαρίοιο

703 4255 768 4318 (I
771 4257 806 4308 l.
843 4251 972 4308 XVI
1013 4257 1114 4308 718
1137 4257 1234 4322 sq.)
1297 4253 1528 4308 Ovidius
1583 4257 1758 4308 etiam
1815 4257 1950 4324 (met.
1990 4255 2071 4308 XI
2108 4257 2233 4320 761)
2296 4255 2513 4324 ‘proles
2548 4253 2711 4310 enixa
2750 4251 3075 4322 Dymantis’
3130 4253 3259 4306 add.

703 4323 1004 4378 Fabricius
1049 4325 1070 4394 ΙΙ
1119 4325 1342 4394 parere]
1383 4325 1442 4378 in
1479 4325 1710 4380 somniis
1747 4327 1874 4380 add.
1915 4325 2219 4380 Fabricius
2266 4327 2285 4392 l}
2336 4331 2371 4380 4
2410 4325 2519 4380 erit
2552 4341 2653 4380 om.
2690 4323 2755 4376 F
2794 4327 2809 4392 ΙΙ
2864 4323 3081 4376 ueneris
3126 4323 3197 4376 M
3242 4323 3261 4394 Η

705 4399 734 4448 ὗ
773 4395 976 4448 iniuria
1029 4397 1356 4462 consumpta
1407 4397 1510 4464 est]
1557 4395 1818 4452 iniuriam
1865 4397 2197 4464 consumpta
2242 4397 2329 4450 est
2366 4397 2419 4448 L
2470 4395 2677 4452 iniuria
2710 4395 2879 4450 aliter
2914 4395 3139 4450 incensa
3174 4395 3265 4450 est

705 4465 1038 4536 consumpta
1073 4467 1164 4518 est
1197 4467 1268 4518 H
1315 4467 1546 4522 incensa
1589 4471 1678 4520 est
1709 4467 1959 4520 ASRF
2010 4469 2339 4536 consumpta.
2378 4469 2461 4522 est
2502 4469 2577 4522 M
2616 4471 2639 4536 fl
2684 4473 2713 4520 7
2756 4465 3103 4536 comparauit
3142 4467 3203 4520 F
3244 4465 3265 4536 Η

703 4555 918 4590 ivonis
945 4535 1256 4606 coniugalis
1277 4537 1336 4590 1⁴³
1357 4539 1378 4606 11
1409 4537 1728 4606 coniugales
1757 4539 1862 4592 hoc
1893 4539 1979 4592 est
1998 4539 2129 4592 LH
2150 4541 2167 4608 Ι]
2194 4545 2225 4592 8
2258 4539 2589 4606 conceptum
2608 4539 2671 4590 F
2692 4539 2711 4608 ΙΙ
2740 4545 2773 4592 9
2794 4539 2927 4594 talis
2944 4553 3047 4592 om.
3066 4539 3263 4592 ΕΒΗ

703 4611 872 4676 (supr.
905 4625 1038 4664 vers,
1071 4609 1198 4662 add.
1227 4609 1266 4674 l)
1293 4609 1314 4678 ΙΙ
1341 4613 1410 4662 10
1447 4605 1528 4662 sic
1563 4611 1692 4662 tede
1725 4609 1788 4662 in
1821 4611 2073 4664 recidiua
2108 4625 2383 4678 pergama
2410 4609 2461 4662 R
2488 4610 2511 4678 ΙΙ
2542 4617 2599 4662 11
2636 4609 3003 4680 ut‘Pergama
3028 4627 3127 4664 om.
3160 4611 3221 4664 F
3244 4609 3263 4680 ΙΙ

2920 4683 2939 4722 1

685 4743 1028 4802 ‘pergamam
1059 4731 1124 4786 H
1145 4733 1166 4804 ΙΙ
1215 4739 1280 4788 13
1319 4731 1724 4788 nominatiuum
1767 4733 2077 4804 genitiuum
2114 4733 2497 4788 accusatiuum
2536 4737 2593 4788 ut
2632 4735 2833 4788 allecto
2876 4735 3019 4804 (alec
3056 4733 3139 4804 F)
3176 4735 3261 4788 al-

703 4805 882 4858 lectus
925 4805 1126 4860 allecto
1167 4803 1432 4860 ASFM
1453 4807 1470 4874 ιΙ
1499 4807 1734 4868 allectos
1773 4807 1826 4860 R
1851 4807 1872 4872 ΙΙ
1919 4811 1981 4860 15
2020 4807 2141 4874 ipse
2178 4807 2339 4872 pater
2378 4805 2437 4860 F
2458 4809 2477 4874 ΙΙ
2526 4813 2587 4860 16
2628 4807 2807 4860 noctis
2844 4809 2905 4860 et
2938 4807 3261 4860 acherontis

707 4877 836 4928 sunt
869 4875 1018 4928 filiae
1057 4875 1236 4930 ΑΒΕ
1257 4877 1280 4946 11
1323 4881 1386 4930 17
1429 4877 1484 4930 et
1521 4877 1820 4946 instigavit
1853 4893 1955 4932 om.
1986 4875 2171 4930 ASF
2188 4879 2209 4946 ΙΙ
2248 4881 2313 4930 18
2348 4879 2703 4948 perpetuum]
2746 4879 3033 4948 proprium
3068 4877 3205 4932 Ast
3242 4877 3263 4950 Η

705 4945 1016 5000 indefesum
1055 4947 1108 5000 A
1165 4947 1516 5000 indefensum
1555 4949 1604 5002 L
1657 4949 1676 5016 ΙΙ
1727 4953 1796 5000 21
1843 4949 1906 5000 et
1941 4949 2029 5020 ut]
2076 4953 2141 5000 ut
2188 4949 2245 5000 et
2290 4947 2339 4998 L
2396 4949 2413 5016 ΙΙ
2466 4951 2531 5002 ut
2566 4989 2577 5000 .
2620 4989 2633 5000 .
2668 4991 2681 5002 .
2724 4949 3019 5021 Iunonem]
3066 4949 3265 5004 iunoni

705 5017 1020 5088 prestitisse
1077 5017 1334 5072 uideatur
1377 5017 1444 5082 F
1497 5020 1520 5088 {l
1581 5019 1842 5074 iunonem
1901 5017 2215 5074 defendisse
2284 5019 2497 5072 dicatur
2554 5019 2669 5074 AS
2700 5020 2737 5089 fl!
2800 5027 2865 5076 22
2916 5025 3043 5076 ante
3092 5037 3159 5076 ac
3202 5021 3261 5074 A

709 5091 866 5158 (corr.
909 5091 966 5160 a)
1023 5091 1194 5142 antea
1227 5089 1290 5142 F
1311 5091 1332 5160 ΙΙ
1375 5093 1444 5142 23
1481 5089 1542 5144 in
1579 5091 1698 5148 XII.
1737 5109 1834 5146 om.
1875 5091 2073 5144 RLH
2090 5091 2109 5160 [Ι
2148 5087 2417 5148 infractus
2452 5091 2519 5148 F
2548 5092 2567 5166 ΙΙ
2610 5089 2787 5164 261de
2824 5095 2959 5150 urbe
3002 5093 3263 5164 expulsus
