3900 5784
687 657 816 722 238
1827 593 2089 706 summ

683 821 832 884 bant
873 825 1080 882 autem
1123 819 1254 882 ritu
1299 819 1480 882 veteri
1523 817 1758 880 armati
1795 819 1942 898 post
1982 807 2305 880 victoriam
2352 815 2821 910 Piburtinorum
2866 815 2937 878 dc
2994 813 3241 878 Vol-scie.

681 931 828 990 sunt
867 929 1074 990 autem
1115 927 1270 990 salii
1303 923 1542 988 Martis
1583 927 1642 988 et
1675 923 1969 988 Herculis
1978 973 1995 1004 ,
2042 923 2331 1002 quoniam
2380 921 2681 988 Chaldaei
2722 923 2963 988 stellam
3010 921 3249 986 Martis

681 1031 1058 1098 Herculeam
1101 1033 1344 1096 dicunt:
1391 1049 1542 1112 quos
1583 1029 1786 1094 Varro
1827 1029 2119 1110 sequitur.
2190 1035 2249 1092 et
2288 1029 2567 1094 Tiburtes
2608 1029 2801 1096 salios
2844 1031 3033 1094 etiam
3076 1029 3247 1092 clica-

681 1143 912 1202 verant.
983 1139 1240 1220 quidam
1287 1137 1396 1202 lios
1439 1161 1480 1202 a
1527 1137 1692 1202 saltu
1733 1137 2073 1218 appellatos
2122 1139 2391 1200 tradunt.
2454 1155 2605 1218 quos
2650 1137 2769 1200 alii
2812 1157 2853 1200 a
2892 1137 3107 1200 Numa
3154 1137 3247 1200 in-

525 1319 546 1336 d
609 1257 642 1304 5
683 1245 928 1310 stitutos
969 1245 1206 1328 dicunt,
1251 1249 1324 1308 ut
1363 1265 1550 1308 arma
1591 1243 1828 1308 ancilia
1861 1245 2185 1324 portantes
2224 1243 2563 1308 saltarent:
2622 1263 2761 1324 erqo
2806 1243 2947 1308 bene
2996 1267 3037 1308 a
3080 1243 3249 1308 saltu

683 1351 990 1434 appellati.
1083 1351 1306 1416 horum
1359 1371 1688 1416 numerum
1739 1347 2059 1414 Hostilius
2110 1351 2353 1446 addidit
2362 1371 2385 1428 ,·
2446 1371 2599 1414 nam
2658 1351 2797 1416 duo,
2830 1357 2977 1414 sunt
3026 1371 3251 1434 qenera

683 1461 1012 1536 saliorum,
1051 1461 1210 1524 sicut
1241 1461 1314 1524 in
1345 1457 1684 1524 saliaribus
1719 1459 2101 1548 carminibus
2138 1459 2479 1554 inveniturg
2530 1455 2759 1524 C'ollini
2794 1461 2847 1520 et
2878 1455 3253 1538 QuirinaleS,

683 1587 726 1628 a
763 1565 980 1630 Numa
1025 1567 1322 1648 instituti,
1365 1567 1446 1632 ab
1481 1565 1758 1632 Hostilio
1805 1587 1942 1630 vero
1974 1565 2227 1648 pavorii
2274 1569 2329 1630 et
2358 1565 2635 1646 pallorii-
2668 1563 2955 1626 instituti.
3022 1563 3253 1628 ⁴habue-

683 1677 834 1736 runt
903 1693 1056 1738 sane
1125 1677 1186 1736 et
1247 1673 1586 1738 Tusculani
1649 1673 1838 1738 salios
1913 1677 2059 1736 ante
2116 1671 2449 1736 Romanos.
2552 1671 2671 1734 alii
2712 1667 2943 1734 clicun‘t
3006 1671 3253 1736 Salium

579 1791 648 1838 10
685 1781 988 1860 quendam
1035 1779 1344 1844 Arcadem
1397 1779 1610 1860 fuisse,
1677 1779 1786 1862 qui
1831 1779 2127 1844 Troianis
2180 1779 2425 1844 iunctus
2474 1779 2637 1842 hune
2682 1777 2899 1842 ludum
2940 1779 3013 1842 in
3056 1779 3255 1842 sacris

685 1887 1040 1950 instituerit.
1119 1907 1248 1950 non
1293 1887 1456 1950 nulli
1501 1891 1704 1950 tamen
1749 1887 1856 1950 lios
1905 1909 1946 1950 a
1990 1887 2305 1950 Dardano
2346 1887 2663 1950 institutos
2702 1885 2939 1968 volunt,
2986 1887 3093 1966 qui
3140 1883 3255 1950 Sa-
3322 1911 3329 1918 ·

683 1993 1094 2058 mothracibas
1139 1995 1266 2058 diis
1301 2011 1480 2058 sacra
1515 1991 1944 2074 persolverent.
2018 1993 2275 2078 quidam
2310 1993 2497 2058 etiam
2534 1991 2747 2056 dicunt
2780 1993 2967 2056 salios
3006 2013 3047 2054 a
3072 1991 3253 2054 Mor-

687 2101 814 2184 rio,
865 2121 1000 2182 reye
1059 2099 1562 2180 Veientanorum‚
1613 2099 1953 2176 institut03‚
2008 2103 2079 2162 ut
2122 2099 2423 2182 Halesus,
2468 2099 2749 2178 Neptuni
2792 2099 2989 2182 y‘iliuS,
3044 2119 3255 2162 eorum

645 2189 650 2194 ”
685 2193 958 2272 carmine
1005 2205 1398 2290 laudaretur,
1443 2205 1554 2286 qui
1593 2205 1860 2268 eiusdem
1905 2205 2065 2286 reyis
2104 2205 2395 2284 familiae
2438 2209 2653 2268 auctor
2692 2205 2949 2268 ultimus
2992 2205 3141 2284 fua.

581 2325 648 2374 15
863 2313 1014 2376 288.
1089 2327 1364 2376 LAVDES
1405 2327 1814 2376 HEROVLEAS
1851 2329 1942 2386 Etr
1982 2327 2215 2376 FACTA
2254 2307 2531 2376 FERV‘NT
2576 2331 2759 2376 senes
2796 2315 3053 2374 tantum
3096 2331 3249 2374 voce

685 2417 910 2484 laudes
957 2419 1256 2484 Herculis
1305 2417 1846 2502 exsequebantur,
1897 2417 2161 2484 iuvenes
2206 2421 2275 2480 et
2316 2419 2509 2502 gestu
2556 2417 2839 2500 corporis
2892 2415 3027 2482 eius
3072 2415 3249 2482 faeta

685 2523 1156 2592 monstrabant.
1221 2525 1384 2588 unde
1425 2525 1514 2588 ibi
1553 2525 1995 2588 inmorandum
2032 2529 2119 2586 est
2162 2523 2283 2586 ‘liic
2316 2523 2605 2588 iuvenum
2642 2523 2897 2608 chorus'‚
2940 2529 3017 2586 ut
3048 2523 3243 2586 ‘salii'

681 2633 1002 2696 iuvenibus
1047 2631 1434 2712 conveniant,
1467 2631 1768 2694 earmina
1809 2631 1900 2694 acl
1935 2649 2109 2694 senes
2146 2631 2515 2712 pertineant.
2584 2635 2645 2694 et
2676 2631 2817 2694 bene
2860 2649 3031 2694 senes
3068 2631 3245 2710 facta

681 2739 974 2802 Herculis
1021 2743 1278 2822 canunt,
1321 2757 1582 2818 quorum
1627 2741 1798 2802 aetas
1837 2737 1997 2802 seire
2040 2741 2097 2800 et
2140 2737 2421 2802 interesse
2458 2739 2647 2818 qest-is
2686 2737 2983 2802 Herculis
3016 2739 3237 2820 potuit,

575 2857 648 2908 20
683 2849 1014 2926 antequam
1057 2847 1116 2910 is
1161 2845 1236 2910 ab
1263 2845 1632 2926 ,hominibus
1677 2847 1969 2910 transiret
2014 2845 2097 2908 acl
2140 2845 2293 2908 cleos
2374 2865 2525 2908 sane
2578 2845 2899 2936 quaeritur
2942 2865 3051 2908 cur
3096 2843 3241 2908 huie

681 2955 792 3018 cleo
849 2957 1062 3034 aperto
1127 2953 1322 3034 capite
1383 2973 1632 3018 sacrum
1691 2953 1818 3034 flat.
1915 2953 2137 3034 leyitur
2194 2951 2361 3016 enim
2422 2951 2491 3012 in
2556 2951 2731 3016 libris
2788 2951 3241 3032 antiquioribus

681 3061 880 3140 ipsius
925 3059 1264 3122 admonitio
1307 3057 1406 3124 liis
1447 3057 1644 3124 verbis
1689 3059 1706 3086 ²
1719 3057 1876 3122 milii
1919 3059 2137 3122 detecto
2178 3057 2395 3122 vertice
2434 3057 2637 3122 cuncti
2668 3057 3057 3140 sacrificante
3072 3057 3113 3120 ³.
3184 3063 3243 3120 et

679 3165 810 3244 fuit
841 3165 1174 3230 observatio
1209 3187 1288 3232 ne
1321 3167 1460 3246 quis
1495 3167 1566 3230 in
1601 3167 1746 3228 aeole
1773 3165 2065 3228 Herculis
2100 3165 2231 3228 eius
2266 3165 2551 3236 habitum,
2572 3165 2955 3228 imitaretur:
2996 3165 3241 3246 siynum

807 3419 860 3482 ‘2
901 3389 1030 3482 sunt
1065 3429 1256 3482 autem
1297 3445 1340 3482 e.
1383 3447 1434 3498 q.
1473 3429 1542 3498 s.]
1585 3429 1656 3482 ef.
1693 3429 1936 3482 Maerob.
1980 3429 2093 3482 Sat.
2134 3429 2207 3480 111
2252 3433 2333 3492 12,
2374 3433 2405 3480 5
2434 3445 2551 3496 sqq.
2610 3429 2629 3498 ΙΙ
2680 3433 2751 3482 20
2786 3445 2917 3482 sane
2956 3429 3243 3498 quaeritur

687 3517 732 3556 e.
775 3519 824 3570 q.
865 3501 934 3570 3.]
973 3501 1044 3554 ef,
1081 3499 1328 3554 Maerob.
1371 3501 1484 3556 Sat.
1523 3499 1598 3552 III
1641 3507 1686 3566 6,
1729 3505 1794 3554 17
2680 3513 2689 3520 ·

831 3755 858 3802 1
883 3747 1152 3802 diuulsois
1173 3747 1232 3802 F
1251 3749 1274 3818 1}
1301 3753 1332 3802 2
1353 3747 1538 3804 ealdei
1553 3747 1614 3800 F
1647 3747 1868 3800 chaldei
1893 3747 1940 3798 T
1966 3749 1983 3816 ΙΙ
2014 3753 2043 3800 3
2062 3747 2401 3802 Herculeam
2412 3747 2485 3802 F.
2498 3747 2821 3802 Schoellius:
2844 3749 3129 3802 herculem
3150 3749 3211 3802 F
3224 3749 3245 3823 ΙΙ

687 3835 826 3888 quos
861 3837 1024 3874 uarro
1063 3819 1236 3874 etiam
1275 3819 1526 3888 sequitur
1565 3817 1618 3870 T
1637 3821 1656 3888 Ι]
1689 3817 1834 3872 alios
1879 3819 1928 3872 G
1956 3821 1975 3888 ΙΙ
2022 3825 2053 3872 4
2088 3819 2321 3888 quidam
2362 3863 2373 3874 .
2408 3861 2461 3872 ..
2504 3837 2641 3888 quos
2678 3837 2779 3872 om.
2824 3819 2875 3870 T
2896 3822 2911 3890 ΙΙ
2960 3837 2997 3876 a
3030 3819 3239 3892 Numa]

685 3891 872 3944 anima
911 3891 970 3944 F
1001 3893 1022 3960 ξι
1067 3895 1098 3944 5
1139 3891 1308 3946 acilia
1343 3891 1398 3946 G
1431 3893 1450 3960 ΙΙ
1495 3907 1530 3944 a
1569 3891 1716 3942 saltu
1753 3891 1896 3966 bene
1937 3891 1989 3942 Τ
2026 3893 2045 3960 ΙΙ
2090 3899 2123 3946 6
2160 3891 2289 3956 fort.
2326 3891 2527 3944 horum
2564 3909 2791 3944 numero
2830 3911 2923 3946 x11.
2962 3891 3239 3946 Hostilius

685 3963 920 4016 addidit.
939 3963 1312 4030 Dempsterus
1347 3961 1506 4016 auxit
1533 3977 1644 4030 pro
1677 3961 1900 4014 addidit
1933 3961 2161 4016 coniecit
2184 3963 2203 4033 ΙΙ
2252 3963 2441 4014 hostili
2482 3963 2533 4016 G
2558 3965 2575 4032 ΙΙ
2626 3969 2653 4016 7
2692 3961 3031 4016 carminibus
3068 3963 3235 4016 salia-

685 4033 836 4088 ribus
889 4035 940 4086 T
987 4037 1008 4102 ΙΙ
1065 4041 1094 4088 8
1143 4033 1338 4102 pauori
1387 4035 1442 4088 et
1485 4031 1692 4102 pallori
1727 4033 1800 4086 F.
1857 4035 1928 4100 cf.
1972 4035 2179 4086 Preller
2228 4033 2411 4086 Roem.
2452 4035 2685 4104 Mythol.
2716 4051 2779 4102 p.
2818 4041 2921 4086 612
2962 4035 3145 4090 adnot.
3184 4041 3237 4102 3,

687 4105 1032 4172 Marquardt
1077 4105 1262 4158 anm.
1301 4103 1646 4158 Staatsverw.
1683 4101 1764 4156 III
1801 4121 1862 4172 p.
1901 4111 2005 4158 412
2050 4105 2239 4158 adnot.
2278 4111 2325 4158 4.
2404 4105 2557 4160 Livii
2600 4107 2763 4160 verba
2810 4123 2949 4174 quae
3004 4111 3135 4158 sunt
3186 4107 3237 4172 (I

687 4181 774 4242 27,
813 4177 866 4242 7)
913 4175 1134 4230 ‘Tullus
1171 4177 1234 4230 in
1269 4193 1326 4230 rc
1363 4177 1578 4244 trepida
1615 4175 1900 4230 duodecim
1941 4175 2085 4230 vovit
2122 4173 2305 4230 Salios
2348 4179 2589 4246 fanaque
2632 4177 2849 4230 Pallori
2884 4193 2947 4230 ae
2992 4179 3229 4230 Pavori’

683 4247 1002 4300 scholiastae
1039 4247 1236 4312 fraudi
1269 4247 1496 4314 fuerunt
1543 4247 1560 4314 ΙΙ
1605 4251 1638 4298 9
1675 4245 1953 4300 tuscalani
1992 4245 2043 4300 G
2096 4245 2337 4300 Tuscani
2372 4249 2721 4322 Dempsterus
2766 4249 2783 4318 ΙΙ
2842 4255 2907 4302 11
2942 4247 3071 4316 hos]
3116 4263 3235 4302 saos

685 4319 828 4386 quod
881 4317 1190 4398 Lobeclcius
1239 4319 1506 4386 Aylaoph.
1549 4333 1608 4384 p.
1653 4323 1788 4370 1292
1841 4319 2009 4370 veteri
2056 4317 2377 4372 scholiastae
2420 4319 2557 4374 Aen.
2598 4323 2647 4374 ΙΙ
2684 4325 2789 4374 325
2844 4321 3083 4372 restituit
3140 4319 3239 4374 hoc

685 4387 2383 4530 {525033‘51l01‘232302s233'2‘3303fifffzrffiffssfflss'ffzffidffl3⁰51·
2404 4389 2735 4516 rma-{³50⁹
2748 4391 3237 4530 ffifissgssaldssaffi

687 4533 872 4588 adnot.
915 4539 944 4586 8
981 4529 1300 4586 dubitanter
1325 4529 1590 4598 proponit
1617 4529 1638 4596 ΙΙ
1683 4535 1748 4582 13
1789 4531 1971 4584 alesus
2010 4531 2069 4584 F
2090 4533 2111 4600 fl
2160 4537 2223 4584 14
2262 4531 2519 4586 laudaret
2558 4533 2605 4584 T
2632 4535 2647 4602 ss
2684 4535 2881 4586 auctor
2918 4531 2993 4596 F,
3028 4547 3127 4586 om.
3172 4533 3237 4600 T,

689 4603 888 4656 auctae
921 4603 1130 4656 Daniel
1157 4605 1176 4670 ΙΙ
1205 4607 1270 4656 16
1311 4605 1366 4656 et
1395 4601 1492 4656 clel.
1525 4615 1552 4652 s
1577 4599 1594 4666 ΙΙ
1623 4603 1782 4668 gesto
1803 4605 1876 4654 ‘A
1931 4605 2095 4668 gesta.
2122 4603 2167 4656 S
2200 4603 2359 4668 (corr.
2392 4607 2481 4670 as)
2512 4605 2529 4672 ΙΙ
2560 4611 2623 4656 18
2662 4605 3001 4656 conveniant
3026 4603 3235 4658 Masai-

655 4693 660 4702 ·
689 4675 836 4726 cius:
877 4673 1214 4726 conueniunt
1239 4671 1302 4724 F
1323 4673 1340 4742 ss
1367 4671 1688 4740 pertineant
1715 4671 2051 4728 Masvicius:
2088 4671 2377 4742 pertinant
2412 4673 2471 4728 F
2524 4673 2803 4744 pertinent
2836 4673 3057 4728 Daniel.
3106 4677 3233 4740 fort.

689 4747 748 4796 et
787 4761 826 4794 S.
865 4743 906 4796 i.
945 4743 1302 4812 conveniunt,
1339 4759 1386 4796 c.
1427 4761 1472 4798 a.
1515 4761 1554 4796 S.
1593 4743 1876 4810 pertinent
1903 4745 1920 4812 ΙΙ
1966 4751 2037 4800 20
2070 4745 2119 4798 is
2158 4747 2353 4814 scripsi
2364 4767 2379 4798 t
2416 4745 2505 4800 his
2542 4745 2603 4800 F
2652 4745 2747 4800 hie
2782 4743 2983 4800 Daniel
3010 4747 3029 4816 ΙΙ
3062 4749 3235 4800 adeos

693 4813 768 4880 F,
807 4829 942 4866 corr.
961 4815 1172 4868 Daniel
1197 4815 1214 4884 ΙΙ
1243 4815 1446 4882 qmrF,
1485 4831 1582 4868 om.
1605 4813 1658 4866 G
1683 4815 1700 4884 ss
1729 4821 1796 4866 21
1833 4821 2031 4884 operto
2062 4817 2137 4884 F,
2172 4821 2387 4870 correxi
2410 4821 2427 4888 ΙΙ
2456 4817 2663 4888 legitur
2698 4815 2847 4870 enim
2888 4861 2899 4872 .
2930 4863 2941 4872 .
2976 4861 2987 4872 .
3028 4819 3237 4872 amictu

687 4887 750 4938 in
789 4883 974 4938 dextro
1015 4883 1396 4940 Floriacensis
1439 4887 1684 4954 nearyine
1725 4887 1938 4956 scripta
1980 4895 2137 4954 sunt,
2182 4889 2367 4956 itaque
2412 4889 2605 4944 desunt
2650 4889 2713 4942 in
2750 4891 3235 4958 Autissiodorensi,

687 4955 786 5024 qui
819 4955 1152 5022 superiorem
1185 4959 1380 5012 scholii
1407 4963 1622 5026 partem
1657 4959 1814 5012 habet
1849 4961 1868 5030 u
1913 4965 1979 5012 22
2018 4961 2191 5030 ipsius
2232 4959 2535 5016 admonitio
2572 4961 2753 5016 omisit
2788 4959 2999 5016 Daniel
3024 4965 3041 5032 ΙΙ
3076 4961 3233 5016 dete-

691 5029 780 5080 sto
815 5025 876 5076 F
925 5027 944 5094 ss
999 5027 1362 5082 sacrificante».
1431 5029 1488 5082 et
1535 5029 1646 5084 fuit
1683 5031 1912 5100 scripsi:
1968 5031 2301 5088 sacrificanti
2344 5035 2467 5088 faut
2508 5031 2567 5088 F
2620 5051 2643 5086 s
2680 5033 2941 5090 erifieant.
2994 5033 3053 5088 id
3100 5031 3239 5088 facit

691 5097 900 5148 Daniel
925 5097 944 5164 ss
969 5101 1038 5148 23
1077 5115 1146 5150 ne
1185 5101 1308 5166 quis
1347 5101 1682 5154 Masvicius:
1719 5119 1792 5154 ne
1827 5103 1890 5154 F
1913 5105 1930 5172 ΙΙ
1956 5101 2185 5158 habitus
2214 5103 2509 5160 mitat-etur
2540 5105 2615 5172 F,
2646 5037 2785 5164 iorr.
2816 5105 3025 5160 Daniel

2638 5167 2669 5302 ,s
