3900 5784
601 1775 666 1820 10

597 2307 664 2358 15

593 2843 660 2892 20

713 637 744 698 1
757 637 842 698 16
1873 635 2111 690 SERVII

889 795 1036 860 824.
1109 809 1284 870 QVIN
1327 811 1580 860 DEGIOS
1619 797 1786 880 quin
1829 797 2033 860 immo
2078 795 2311 860 Decios
2354 797 2619 880 respice.
2702 799 2775 862 hi
2820 799 2945 862 duo
2990 797 3269 884 fuerunt,

711 905 822 990 qui
865 903 1086 966 Mures
1133 901 1294 966 dicti
1339 907 1516 986 sunt,
1561 907 1750 988 pater
1797 909 1860 968 et
1907 903 2097 968 filius,
2174 905 2407 968 horum
2452 905 2619 968 alter
2668 927 2731 970 se
2780 906 2949 970 bello
3002 903 3273 990 Gallico,

709 1013 876 1076 alter
917 1007 1270 1074 Samnitico
1319 1011 1496 1074 vovit
1543 1031 1658 1094 pro
1703 1009 2065 1094 republica,
2110 1031 2255 1076 cum
2288 1011 2487 1076 Terra
2534 1013 2595 1076 et
2624 1009 2847 1076 Manes
2898 1011 3271 1078 universum

599 1145 604 1150 ·
707 1119 880 1184 bello
939 1119 1184 1184 vellent
1233 1119 1584 1184 exercitum
1641 1117 1930 1202 perdere.
2106 1135 2525 1196 DRVSOSQVE
2570 1135 2839 1184 PROCVL
2900 1121 2963 1184 et
3020 1119 3087 1184 hi
3146 1119 3269 1184 duo

705 1225 984 1288 fuerunt.
1077 1223 1314 1288 horum
1375 1227 1558 1310 prior
1619 1223 1784 1288 vicit
1837 1223 2339 1310 Hasdrubalem,
2408 1225 2573 1290 alter
2642 1219 2769 1290 est'
2802 1227 2969 1290 filius
3032 1225 3271 1304 Liviae,

705 1331 928 1398 uxoris
969 1331 1270 1418 Augusti.
1437 1349 1854 1408 SAEVVMQVE
1909 1349 2157 1398 sucvm
2202 1349 2445 1398 ASPIOE
2494 1349 2933 1410 TORQVATVM
2972 1333 3081 1398 hic
3122 1331 3271 1398 Gal-

703 1441 840 1502 lum
885 1439 1210 1522 quendam
1253 1443 1326 1512 in
1357 1445 1548 1522 ponte
1573 1439 1840 1504 Anienis
1885 1421 2201 1524 singulari
2250 1439 2593 1504 certamine
2642 1441 2969 1524 superavit
3020 1443 3081 1502 et
3130 1439 3265 1504 eius

707 1547 836 1612 sibi
877 1551 1180 1632 torquem
1223 1547 1538 1630 inposuit,
1583 1545 1748 1610 unde
1789 1567 2029 1612 nomen
2066 1547 2331 1630 accepit.
2414 1547 2519 1610 hic
2564 1547 2651 1610 ad
2694 1547 2921 1610 urbem
2962 1567 3263 1632 pergens,

703 1655 1036 1738 praecepit
1069 1655 1234 1738 filio,
1283 1657 1354 1718 ut
1387 1655 1648 1718 tantum
1685 1657 1898 1718 castra
1931 1657 2239 1718 tueretur.
2318 1653 2429 1718 ille
2460 1659 2829 1736 provocatus
2864 1655 2941 1718 ab
2972 1653 3263 1738 hostibuS,

703 1767 898 1826 nacta
955 1761 1316 1844 occasione,
1375 1761 1714 1826 victoriam
1771 1767 2153 1826 consecutus
2216 1763 2331 1824 est.
2424 1781 2713 1826 reversus
2782 1763 3013 1844 postea
3068 1765 3263 1844 pater

703 1869 996 1932 laudavit
1033 1869 1360 1960 fortunam
1397 1867 1624 1954 populi
1651 1867 1959 1952 Romani,
1996 1867 2105 1932 sed
2146 1867 2381 1950 fllium,
2420 1871 2489 1930 ut
2530 1867 2685 1932 dicit
2718 1865 2971 1950 Livius,
3010 1867 3253 1932 fustua-

703 1977 802 2040 rio
847 1975 1146 2058 supplicio
1191 1977 1464 2042 necavit.
1557 1997 1708 2062 ergo
1757 1975 2057 2042 esaevum
2104 1973 2341 2042 securi'
2402 1997 2661 2040 saevum
2712 1975 2849 2038 iure
2908 1973 3253 2060 occidendi,

703 2097 842 2144 non'
877 2081 1038 2144 ferri
1085 2101 1342 2166 genere:
1387 2105 1542 2148 nam
1587 2081 1798 2148 securi
1839 2105 1969 2148 non
2022 2081 2477 2146 animadvertit
2524 2081 2591 2146 in
2640 2081 2861 2146 filium.

879 2187 1026 2252 825.
1063 2197 1576 2254 ‘REFERENTEM
1631 2205 1842 2252 SIGNA
1887 2191 2267 2252 ‘eAMILLVM
2320 2189 2579 2252 Brenno
2640 2191 2795 2254 duce
2848 2189 3023 2252 Galli
3080 2189 3251 2272 apud

705 2293 946 2358 Alliam
1003 2295 1270 2358 fluvium
1317 2295 1546 2360 deletis
1589 2295 1955 2380 legionibus
2004 2297 2369 2358 everterunt
2416 2295 2639 2360 urbem
2684 2293 2957 2360 Romam
3008 2297 3251 2378 absque

703 2399 1032 2486 Capitolio
1041 2453 1060 2484 ,
1109 2423 1228 2484 pro
1281 2423 1406 2486 quo
1451 2401 1818 2466 inmensam
1861 2399 2203 2486 pecuniam
2250 2405 2647 2484 acceperunt.
2734 2405 2891 2466 tunc
2936 2399 3249 2466 Camillus

699 2507 936 2594 absens
989 2509 1270 2574 dictator
1325 2513 1426 2574 est
1475 2509 1714 2594 factae,
1781 2529 1926 2572 cum
1980 2507 2087 2572 diu
2148 2513 2313 2574 esset
2366 2507 2539 2592 apud
2592 2507 2877 2574 Ardeam
2930 2507 3003 2570 in
3056 2499 3247 2574 exilio

697 2619 964 2698 propter
989 2615 1436 2688 Veientanam
1465 2615 1774 2698 praedam
1819 2635 1955 2678 non
1992 2633 2195 2698 aequo
2240 2615 2379 2680 iure
2420 2615 2733 2698 divisam,
2768 2617 2829 2678 et
2858 2613 3079 2678 Gallos
3120 2615 3251 2680 iam

701 2723 1006 2786 abeuntes
1075 2725 1330 2788 secutus
1389 2725 1516 2786 est:
1585 2722 1818 2806 quibus
1881 2723 2293 2804 interemptis
2354 2745 2579 2786 aurum
2642 2743 2827 2786 omne
2892 2723 3135 2806 recepit
3188 2723 3257 2786 et

703 2831 906 2912 signa.
999 2829 1174 2912 quod
1221 2853 1366 2896 cum
1413 2831 1548 2894 illic
1601 2829 2045 2916 appendisset,
2100 2829 2353 2894 civitati
2412 2851 2645 2898 nomen
2702 2829 2903 2894 dedit:
2956 2851 3107 2894 nam
3154 2829 3259 2892 Pi-

701 2957 962 2998 saurum
1015 2935 1278 3020 dicitur,
1343 2935 1516 3020 quod
1573 2935 1708 3002 illic
1759 2957 1989 3010 ‚aurum
2052 2939 2393 3020 pensatum
2450 2939 2565 3000 est.
2656 2939 2807 3020 post
2862 2935 2983 3000 hoc
3040 2941 3259 3000 tamen

697 3041 946 3106 factum
987 3043 1184 3106 rediit
1225 3043 1300 3106 in
1343 3043 1636 3122 exilium,
1685 3041 1848 3106 unde
1899 3045 2169 3126 rogatus
2212 3065 2507 3106 reversus
2558 3047 2673 3106 est.

873 3149 1024 3212 826.
1093 3157 1420 3214 FVLGERE
1469 3149 1552 3214 ab
1597 3171 1702 3234 e0,
1751 3149 1924 3232 quod
1968 3153 2071 3212 est
2114 3147 2327 3234 ‘fulgo
2376 3147 2627 3232 fulgis'.

841 3349 870 3396 ss
907 3341 1000 3396 hio
1041 3309 1264 3398 eanum
1307 3385 1316 3398 .
1349 3385 1360 3396 .
1393 3387 1404 3398 .
1445 3341 1500 3396 in
1539 3341 1740 3414 fluum]
1783 3359 1950 3398 emor.
1990 3343 2329 3410 mythogr.1
2354 3347 2459 3396 220
2488 3342 2507 3411 ιι
2540 3347 2599 3394 11
2644 3341 2855 3410 Livius]
2900 3341 2965 3396 of.
2996 3341 3149 3412 vm,
3178 3347 3207 3396 τ
3236 3339 3259 3414 ιι

701 3419 766 3468 14
805 3415 1020 3468 Brenno
1065 3459 1076 3470 .
1109 3455 1120 3466 .
1155 3457 1168 3470 .
1205 3431 1458 3470 reversus
1495 3413 1606 3484 est]
1649 3431 1822 3470 exscr.
1859 3413 2141 3482 mythogr.
2182 3413 2207 3466 1
2244 3419 2345 3468 221

697 3593 792 3660 qui
827 3591 1302 3662 haee‚Au9ustiui
1339 3591 1426 3658 (de
1459 3591 1564 3644 civ.
1597 3591 1690 3644 dei
1723 3591 1804 3644 III
1839 3593 1926 3660 16)
1964 3591 2127 3644 verba
2168 3591 2443 3644 laudavit.-
2480 3587 2915 3658 ‘quomodolibet,
2948 3589 3153 3660 inquit,
3188 3605 3255 3644 ea

695 3663 848 3728 facta
877 3665 1086 3730 posteri
1117 3663 1332 3728 ferant,
1369 3661 1434 3716 id
1467 3665 1548 3714 est
1573 3663 1902 3730 praeferant
1937 3667 1985 3716 et
2024 3663 2317 3728 extollant,
2350 3663 2451 3730 qui
2480 3663 2627 3728 tilios
2666 3659 2889 3726 occidit,
2926 3659 3127 3728 infelix
3164 3665 3255 3716 est.

695 3739 742 3788 et
779 3741 1060 3802 tamquam
1093 3735 1170 3788 ad
1207 3733 1594 3788 consolandum
1631 3733 1906 3800 iufelieem
1927 3733 2245 3788 subiunxit.-
2288 3733 2455 3788 vincit
2490 3749 2647 3788 amor
2674 3731 2899 3802 patriae
2926 3733 3257 3802 laudumque

693 3807 944 3860 inmensa
979 3805 1222 3874 eupido'.
1285 3807 1516 3872 fortasse
1555 3821 1684 3858 nam
1719 3809 2051 3874 extorquere
2096 3807 2113 3876 ΙΙ
2170 3813 2201 3860 2
2240 3803 2381 3858 dicti
2422 3804 2573 3875 sunt]
2612 3805 2707 3872 qui
2750 3803 2899 3872 (fort.
2938 3803 3089 3872 quia)
3130 3821 3253 3872 par-

693 3879 810 3930 tem
847 3875 960 3930 oris
997 3875 1250 3930 strictam
1291 3875 1574 3932 habebant
1609 3877 1736 3932 add.
1773 3877 1846 3930 M
1869 3879 1890 3948 ΙΙ
1919 3885 1948 3932 3
1986 3877 2213 3932 uocauit
2252 3877 2315 3930 F
2334 3879 2351 3948 11
2380 3893 2571 3932 manes
2610 3877 2743 3932 libri
2770 3881 2991 3944 praeter
3032 3875 3119 3942 M,
3158 3875 3257 3944 qui

695 3945 838 4002 mari
873 3947 1100 4014 exhibet,
1135 3949 1284 4016 quod
1317 3947 1478 4016 vulyo
1515 3949 1708 4004 editur.
1767 3949 1838 4016 ef.
1867 3947 1991 4004 Liv.
2028 3947 2159 4000 VIII
2186 3955 2233 4016 6,
2266 3955 2299 4002 9
2338 3949 2445 4002 ‘ibi
2476 3947 2543 4002 iu
2576 3949 2753 4016 quiete
2788 3947 3005 4016 utrique
3042 3947 3255 4000 consuli

693 4021 874 4074 eadem
911 4019 1118 4074 dicitur
1153 4021 1276 4074 visa
1311 4021 1508 4088 species
1547 4019 1658 4074 viri
1693 4021 1920 4074 maioris
1954 4037 2117 4088 quam
2148 4037 2255 4088 pro
2294 4021 2533 4074 humano
2566 4019 2761 4074 habitu
2796 4019 3249 4088 auyustiorisque‚

691 4091 950 4156 diceritis,
993 4107 1064 4142 ex
1105 4107 1222 4146 uria
1271 4091 1388 4146 acie
1423 4091 1824 4162 imperatorem,
1869 4107 1940 4144 ex
1976 4093 2153 4146 altera
2188 4091 2481 4146 ewercitum
2520 4091 2633 4144 deis
2674 4089 2945 4144 Manibus
2980 4091 3255 4156 matrique

697 4161 898 4214 Terrae
937 4161 1156 4214 deberi?
1223 4167 1454 4216 ceterum
1487 4161 1852 4216 Burmannus
1897 4161 2125 4216 devovit
2164 4179 2267 4230 pro
2304 4179 2363 4214 re
2400 4161 2629 4230 publiea
2666 4177 2723 4214 se
2762 4163 2941 4214 terrae
2978 4163 3043 4212 et
3072 4157 3251 4214 mani-

691 4231 794 4286 bus
839 4247 908 4286 ne
957 4231 1280 4286 universum
1323 4231 1540 4286 vellent
1575 4231 1878 4286 exercitum
1917 4233 2147 4302 perdere
2194 4233 2435 4286 coniecit.
2480 4233 2501 4299 ΙΙ
2548 4237 2579 4286 4
2630 4231 2781 4284 bello
2826 4245 2927 4282 om.
2964 4229 3075 4280 AS
3084 4227 3201 4282 FO
3234 4227 3253 4300 ³}

691 4301 1268 4428 fiazflfiszfffissu'z
1295 4301 2023 4444 {austrasias
2062 4271 3253 4442 {asessfflaufiaal

689 4445 922 4500 Daniel:
961 4445 1210 4498 amoenis
1237 4443 1304 4496 F
1321 4445 1342 4510 ΙΙ
1367 4447 1402 4496 8
1441 4445 1588 4498 unde
1715 4445 2015 4502 Fabricius
2042 4449 2063 4518 ΙΙ
2088 4451 2119 4498 9
2160 4445 2431 4514 tueretur]
2468 4443 2777 4496 meteretur
2804 4441 2921 4496 FC
2942 4447 2993 4496 et
3020 4441 3247 4508 Daniel,

691 4517 788 4586 qui
823 4517 1130 4570 metaretur
1167 4517 1318 4568 edere
1351 4515 1554 4568 debuit.
1609 4517 1888 4570 tutaretur
1929 4517 2241 4572 Maevicius
2270 4517 2289 4586 ΙΙ
2314 4513 2413 4568 ille
2450 4529 2549 4568 om.
2588 4513 2661 4566 H
2678 4517 2695 4586 ss
2720 4511 2975 4568 hostibus
3014 4513 3247 4568 Daniel:

691 4585 946 4640 ostilibus
973 4587 1036 4640 F
1057 4589 1078 4658 ΙΙ
1105 4591 1174 4640 10
1201 4589 1412 4640 nancta
1439 4585 1498 4640 F
1523 4588 1542 4657 Ιι
1571 4591 1634 4640 11
1665 4587 1866 4658 filium]
1901 4589 2149 4642 fidelium
2180 4587 2247 4640 H
2268 4589 2289 4654 ΙΙ
2314 4585 2615 4656 fustuario]
2648 4583 2915 4642 fortuario
2944 4583 2991 4638 S
3018 4583 3245 4652 (fustua-

691 4659 774 4712 rio
813 4661 858 4726 s)
897 4659 1202 4712 frustuario
1237 4657 1310 4712 H
1351 4657 1388 4712 i.
1431 4673 1472 4712 c.
1509 4673 1610 4724 per
1645 4655 1850 4712 fustem
1889 4673 2065 4728 supra
2096 4675 2199 4714 scr.
2234 4675 2295 4712 m
2318 4659 2335 4724 ΙΙ
2386 4663 2447 4712 12
2488 4659 2693 4712 securis
2730 4657 2801 4712 H
2818 4659 2837 4724 ll
2880 4671 3107 4710 saevum
3146 4671 3245 4708 om.

689 4731 742 4784 R
751 4729 882 4784 ,ΕΗ
887 4731 964 4784 Μ
985 4731 1002 4802 ΙΙ
1037 4737 1100 4786 13
1129 4731 1288 4802 ferri]
1327 4731 1468 4784 ferre
1497 4727 1582 4796 H,
1615 4745 1716 4784 om.
1747 4727 1810 4782 F
1819 4729 1864 4784 O
1887 4733 1906 4802 ΙΙ
1935 4731 2175 4786 securim
2200 4729 2279 4784 M
2296 4731 2315 4798 ΙΙ
2340 4727 2679 4784 ansaduertit
2706 4729 2765 4784 R
2810 4725 3249 4778 animadeuertit

693 4801 736 4856 G
757 4803 778 4872 ΙΙ
825 4807 890 4856 14
927 4799 1146 4858 Brenno
1187 4847 1198 4856 .
1231 4847 1240 4856 .
1277 4843 1288 4856 .
1327 4801 1540 4856 Alliam
1573 4817 1674 4856 om.
1717 4799 1804 4870 011
1847 4809 1914 4856 15
1952 4805 2213 4856 euertunt
2252 4801 2327 4854 M
2348 4803 2369 4868 ΙΙ
2418 4807 2479 4856 17
2522 4801 2617 4856 diu
2654 4817 2753 4856 om.
2792 4793 3031 4852 ASFO
3050 4799 3067 4866 ΙῙ
3094 4797 3247 4866 apud

691 4873 918 4928 ardeam
953 4871 1012 4926 in
1051 4873 1218 4928 exilio
1255 4875 1406 4928 esset
1435 4873 1506 4928 M
1533 4875 1554 4942 u
1579 4871 1730 4940 apud
1767 4889 1864 4926 om.
1893 4873 1942 4928 0
1960 4875 1979 4942 ΙΙ
2010 4873 2205 4928 exsilio
2232 4871 2339 4940 Hll
2372 4877 2437 4926 18
2472 4871 2871 4926 uehientanam
2900 4867 2963 4946 A·
3010 4865 3245 4922 ueniem‘?

689 4947 836 5000 Nam
861 4943 928 4998 H
969 4947 1342 5012 negentanam
1373 4945 1450 4998 M
1489 4943 1870 5000 ueientianam
1901 4943 1961 4998 F
1982 4947 2003 5014 ΙΙ
2030 4943 2321 5014 praedam]
2360 4943 2615 5012 rapinam
2646 4943 2705 4998 F
2726 4945 2747 5012 ΙΙ
2774 4939 2913 5008 iam]
2948 4953 3063 4990 iam
3098 4953 3243 5006 pene

691 5017 750 5072 F
771 5021 790 5090 ΙΙ
821 5023 886 5072 20
927 5013 1238 5086 Pisaurum]
1279 5017 1602 5086 pinsaurum
1633 5017 1706 5070 M
1759 5033 1957 5070 aurum
1988 5015 2039 5070 Ο
2060 5019 2077 5084 ΙΙ
2118 5021 2187 5068 21
2224 5013 2453 5084 dicitur]
2492 5031 2687 5068 aurum
2714 5011 2841 5068 add.
2876 5009 2943 5062 H
2960 5013 2981 5078 ΙΙ
3010 5015 3075 5064 23
3116 5027 3243 5064 FVL-

689 5111 826 5146 cmm
861 5089 1052 5144 autem
1089 5087 1160 5142 ab
1201 5105 1264 5142 eo
1307 5087 1366 5142 F
1385 5089 1406 5160 ΙΙ
1433 5087 1628 5160 fulgis]
1669 5089 1963 5142 accentum
1998 5087 2177 5142 habet
2208 5085 2267 5140 in
2306 5085 2487 5156 prima
2524 5087 2651 5140 add.
2738 5081 2981 5140 abrieius
