3900 5784
1225 603 1450 660 COMM.
1491 599 1568 656 IN
1607 597 1824 654 VERG.
1865 595 2031 652 AEN.
2070 593 2151 650 VI
2188 599 2459 650 84--104.
2958 609 2963 614 ·
3044 599 3127 660 21

569 773 672 834 est
747 773 958 834 autem
1031 737 1300 832 verbum
1365 765 1598 832 Lucilii
1669 767 1738 828 et
1809 761 2261 848 antiquorum,
2334 765 2407 828 ut
2470 759 2747 828 Plautus
2822 759 3133 828 additus

571 873 752 938 Ioni
795 875 1072 960 Argus.

757 981 860 1044 91.
933 999 1010 1044 IN
1053 997 1278 1046 REBVS
1323 997 1596 1046 EGENIS·
1641 1001 1758 1064 per
1809 981 2161 1044 transitum
2220 979 2503 1044 ostendit
2542 977 2783 1044 famem
2832 977 3139 1044 futuram.

761 1087 864 1150 93.
939 1101 1254 1152 CONIVNX
1295 1103 1558 1152 ITERVM
1607 1105 1906 1152 HOSPITA
1960 1107 2113 1150 nam
2158 1089 2227 1148 et
2268 1085 2455 1150 Paris
2506 1087 2587 1150 ab
2634 1083 2887 1152 Helena
2928 1083 3141 1150 fuerat

581 1197 918 1276 susceptus
973 1191 1282 1278 hospitio,
1375 1191 1698 1276 ‘hospita'
1761 1197 1975 1258 autem
2032 1215 2209 1258 more
2266 1215 2383 1258 suo
2440 1191 2623 1256 dixit.
2712 1197 2777 1258 et
2836 1193 3005 1258 bene
3060 1213 3143 1258 ne
3178 1203 3213 1252 5

583 1299 832 1380 aliquid
879 1299 1212 1382 inputetur
1263 1299 1542 1382 Aeneae,
1587 1299 1776 1382 quasi
1819 1299 2107 1362 fatorum
2150 1299 2275 1362 hoe
2314 1321 2463 1362 esse
2510 1299 2841 1382 praedicit.

765 1405 870 1470 95.
939 1425 1034 1470 NE
1069 1425 1254 1472 CEDE
1301 1425 1384 1470 ne
1431 1405 1646 1488 cedas,
1689 1405 1804 1468 sed
1843 1407 1983 1470 esto
2024 1405 2363 1470 audentior
2402 1429 2595 1490 quam
2630 1411 2749 1470 tua
2782 1409 2849 1470 te
2884 1405 3151 1472 fortuna

585 1513 928 1594 permittit.
1023 1515 1086 1576 et
1141 1513 1302 1576 bene
1329 1563 1334 1570 .
1361 1509 1636 1574 adversa
1683 1509 1989 1576 fortunae
2044 1509 2237 1576 docet
2290 1509 2533 1576 virtute
2602 1515 2715 1576 aut
2776 1513 2975 1576 vitari
3038 1515 3153 1578 aut

587 1617 864 1682 inminui
915 1621 1028 1682 aut
1069 1617 1396 1700 patienter
1439 1615 1762 1680 sustineri.

777 1725 878 1788 96.
951 1743 1074 1788 VIA
1119 1725 1314 1808 rati0,
1365 1723 1836 1806 opportunitas.
3192 1737 3261 1784 10

777 1831 880 1896 97.
951 1847 1170 1896 GRAIA
1207 1849 1588 1896 PANDETVR
1627 1849 1716 1894 ΑΒ
1755 1847 1936 1894 VRBE
1984 1811 2251 1914 propter
2286 1829 2689 1912 Euandrum,
2738 1829 2849 1914 qui
2898 1851 3041 1896 eum
3088 1833 3157 1896 in

595 1937 900 2004 Tusciam
943 1937 1260 2002 missurus
1305 1939 1386 2002 ad
1431 1935 1866 2020 Tarchontem
1911 1941 2031 2002 est.

779 2045 884 2110 98.
953 2063 1052 2110 Ex
1079 2063 1314 2112 ADYTo
1351 2047 1564 2112 locum
1591 2043 2081 2110 vaticinationis
2114 2043 2413 2110 ostendit.
2548 2059 2833 2108 cvMAEA
2868 2061 3161 2112 SIBYLLA

597 2151 768 2218 bene
813 2149 1062 2218 addidit
1105 2155 1374 2238 propter
1419 2151 1892 2218 discretionem.

783 2259 888 2322 99.
959 2275 1338 2334 ANTROQVE
1389 2275 1698 2322 REMVGIT
1761 2259 1910 2344 quia
1962 2257 2031 2320 in
2078 2259 2267 2322 antro
2320 2261 2447 2342 est,
2504 2259 2575 2324 ut
2624 2255 2725 2340 <V
2780 2257 2947 2340 150>
2998 2259 3163 2342 pul·
3202 2267 3271 2316 15

605 2367 760 2430 sati
807 2365 1046 2430 colles
1091 2367 1428 2430 elamore
1473 2365 1886 2460 resultant.

789 2473 934 2538 100.
1007 2489 1338 2538 ossscvms
1397 2491 1582 2538 VERA
1637 2487 2037 2538 invonvnns
2090 2493 2245 2536 vera
2300 2473 2365 2534 et
2422 2471 2695 2536 obscura
2752 2471 3163 2536 confundens

609 2585 708 2646 est
757 2583 972 2644 autem
1021 2579 1400 2666 hypallage,
1443 2579 1614 2646 veris
1665 2577 1938 2642 obscura
1984 2577 2293 2642 inserens.

793 2685 936 2752 102.
1011 2701 1246 2752 OESSIT
1295 2703 1530 2752 FVROR
1579 2707 1712 2750 non
1767 2673 2029 2770 penitus
2082 2683 2377 2768 recessit,
2434 2685 2545 2748 sed
2590 2683 2913 2768 paulatim
2958 2685 3169 2768 eoepit

609 2793 914 2856 inminui:
967 2799 1120 2856 nam
1179 2795 1280 2856 est
1331 2793 1528 2876 paulo
1575 2793 1724 2874 post
1781 2791 1856 2854 de
1905 2789 2143 2856 Miseni
2194 2793 2403 2856 morte
2460 2789 2743 2874 dictura,
2806 2789 2977 2874 quod
3038 2813 3171 2856 non
3208 2801 3279 2852 20

611 2899 936 2982 procedit,
981 2899 1042 2964 si
1083 2921 1254 2964 nune
1297 2919 1538 2964 numen
1579 2899 1866 2964 recessit.

801 3007 946 3072 103.
1001 3031 1140 3092 ,ΝοΝ
1187 3031 1332 3072 VLLA
1373 3029 1656 3072 LABORVM
1687 3023 1810 3086 pro
1851 3003 2059 3084 avalla,
2102 3007 2177 3066 ut
2218 3023 2359 3068 non
2406 3003 2609 3070 ullus
2656 3009 2915 3070 aratro
2956 3005 3179 3072 cessit

615 3111 858 3180 honos

805 3221 948 3286 104.
1021 3237 1170 3284 NON
1229 3237 1418 3284 VLLA
1477 3235 1816 3284 LABORVM
1877 3237 1922 3284 0
1978 3209 2197 3282 vmco
2266 3215 2369 3282 to'
2434 3217 2587 3282 licet
2650 3219 2733 3282 sit
2794 3219 3179 3284 naturaliter

619 3327 838 3392 brevis
905 3329 974 3392 in
1037 3327 1290 3392 Latinis
1355 3325 1794 3410 sermonibuS,
1857 3325 2031 3408 apud
2090 3323 2453 3408 Vergilium
2518 3328 2733 3390 tamen
2800 3349 2919 3408 pro
2980 3327 3181 3410 longa
3216 3339 3289 3388 25

523 3507 526 3510 ⁴
621 3435 930 3520 habetur,
987 3437 1068 3500 ut
1115 3435 1240 3500 hoc
1299 3435 1442 3500 loco
1499 3429 1792 3520 ‘virgo',-
1833 3435 1993 3498 item
2050 3431 2205 3498 alibi
2262 3431 2479 3516 <841>
2538 3433 2709 3516 quis
2772 3437 2845 3498 te
2912 3453 3181 3518 magne

625 3539 820 3606 Cato
861 3543 1216 3624 tacitum,
1275 3537 1560 3624 exceptis
1607 3539 1816 3626 eego',
1869 3543 1944 3602 ut
1990 3537 2237 3622 (146)
2288 3541 2409 3602 ast
2460 3559 2599 3624 ego
2662 3561 2851 3624 quae
2902 3541 3181 3624 divum,

777 3775 808 3820 1
863 3769 1092 3840 Lucilii]
1145 3769 1242 3822 lib.
1283 3769 1414 3822 XIV
1461 3769 1662 3834 fragm.
1707 3769 1840 3822 XVI
1887 3785 1975 3836 ap.
2026 3765 2215 3822 Muell.
2296 3751 2359 3822 cf.
2412 3765 2661 3822 Macrob.
2706 3765 2821 3822 sat.
2872 3767 2949 3822 VI
2986 3773 3049 3834 4,
3084 3771 3119 3820 2
3166 3765 3187 3838 11

629 3839 888 3906 Plautus]
931 3839 1116 3894 Aulul.
1157 3839 1234 3892 Ill
1273 3849 1326 3906 6,
1361 3845 1430 3894 19
1459 3855 1542 3904 sq.
1571 3839 1686 3906 1122
1719 3855 1836 3894 non
1871 3831 2051 3906 ullus]
2086 3855 2277 3906 georg.
2314 3837 2339 3890 l
2376 3843 2479 3890 506
2508 3839 2625 3906 1124
2666 3837 2743 3892 ‘o’
2786 3837 2925 3892 licet
2954 3855 3001 3892 e.
3034 3855 3083 3906 q.
3114 3839 3185 3908 8.]

633 3907 704 3962 cf.
747 3909 962 3978 [Prob.]
999 3909 1070 3962 de
1105 3909 1206 3964 ult.
1243 3909 1368 3978 syll.
1411 3929 1464 3978 p.
1503 3913 1624 3974 220,
1669 3915 1732 3964 16
1763 3927 1882 3978 sqq.
1923 3907 1987 3960 K.
2056 3935 2065 3944 ·
2788 3953 2791 3958 .

785 4129 814 4176 1
851 4123 1110 4194 verbum]
1147 4139 1340 4178 uersus
1367 4121 1432 4176 F
1451 4125 1470 4192 11
1509 4125 1542 4174 2
1579 4119 1698 4176 ioni
1731 4121 1896 4176 RM:
1935 4121 2029 4176 ino
2068 4119 2129 4176 F
2178 4121 2273 4176 ino
2314 4119 2359 4176 (J
2416 4121 2471 4176 io
2510 4119 2621 4176 AS
2674 4119 2791 4176 ioui
2826 4121 2899 4176 H
2916 4123 2935 4190 11
2962 4127 2995 4176 4
3034 4121 3193 4176 Paris

637 4211 740 4250 om.
781 4197 848 4248 H
865 4197 886 4264 11
933 4201 966 4248 5
999 4211 1074 4248 ne
1109 4209 1212 4248 om.
1247 4193 1428 4248 FOR
1453 4197 1470 4266 11
1517 4197 1550 4246 6
1587 4197 1734 4248 esset
1773 4191 1884 4248 AS
1917 4195 1938 4262 11
1982 4199 2013 4248 7
2050 4191 2365 4248 audientior
2404 4193 2455 4248 G
2478 4193 2501 4262 11
2536 4193 2763 4248 fortuna
2800 4233 2813 4248 .
2854 4235 2865 4248 .
2910 4237 2923 4248 .
2958 4193 3195 4248 aduersa

639 4283 740 4322 om.
763 4267 822 4320 A
847 4269 866 4336 11
895 4271 928 4320 8
967 4265 1204 4320 aduersa
1237 4265 1496 4320 fortunae
1523 4263 1676 4320 RH:
1713 4265 1950 4320 aduersa
1978 4263 2209 4320 fortuna
2234 4263 2281 4318 S
2332 4263 2623 4320 aduersam
2652 4263 2935 4320 fortunam
2962 4263 3079 4320 FO
3086 4265 3163 4316 M
3170 4281 3195 4318 s

639 4337 942 4392 aduersam
975 4335 1202 4392 fortuna
1237 4337 1288 4392 G
1323 4337 1344 4405 11
1377 4337 1580 4392 educet
1611 4335 1660 4390 S
1675 4395 1680 4400 ,
1713 4337 1920 4392 edocet
1958 4337 2031 4390 M
2036 4353 2063 4392 s
2096 4337 2115 4404 11
2154 4337 2253 4390 aut
2290 4341 2415 4390 ante
2448 4335 2619 4392 vitari
2656 4353 2755 4390 om.
2800 4335 2843 4390 0
2884 4339 2905 4406 11
2948 4343 2977 4392 9
3020 4335 3195 4388 minui

639 4407 762 4464 FG
789 4411 810 4478 ΙΙ
837 4413 904 4462 10
945 4407 1296 4476 oportunitas
1331 4407 1530 4464 ΑΒΗ
1537 4407 1610 4460 Μ
1629 4409 1654 4478 11
1683 4413 1742 4462 11
1787 4407 1946 4462 schol.
1984 4411 2061 4464 ad
2094 4425 2143 4462 v.
2182 4413 2245 4460 97
2286 4413 2335 4462 et
2368 4413 2439 4462 98
2476 4423 2575 4462 om.
2610 4407 2665 4462 G
2692 4409 2709 4476 11
2738 4413 2805 4460 12
2842 4425 3043 4460 cunm
3068 4407 3201 4458 RH

643 4483 806 4548 (corr.
843 4479 896 4548 h)
927 4483 948 4550 11
975 4485 1040 4532 12
1079 4479 1448 4548 promissurus
1483 4477 1554 4532 H
1573 4479 1592 4546 11
1615 4479 1934 4532 tarcontem
1968 4479 2169 4534 FOM
2218 4479 2545 4534 tharconem
2578 4479 2689 4532 AS
2740 4479 3097 4534 tharcontem
3136 4479 3203 4530 Η

639 4551 656 4620 11
699 4557 762 4604 13
803 4569 962 4604 nmero
997 4551 1132 4606 RH
1137 4551 1214 4604 M
1233 4553 1252 4620 ΙΙ
1291 4569 1500 4606 cuman
1539 4549 1596 4602 A
1629 4551 1648 4618 11
1689 4555 1752 4602 14
1793 4551 1959 4620 bene]
2002 4549 2245 4606 Cumaea
2284 4551 2425 4604 bene
2460 4551 2567 4620 1)11
2602 4549 3019 4622 discretionem]
3058 4547 3195 4618 Ery-

635 4623 870 4678 thraeae
909 4623 1038 4678 add.
1061 4619 1368 4678 Maevicius
1395 4623 1416 4692 11
1445 4627 1508 4676 15
1551 4625 1632 4674 est
1671 4637 1770 4674 om.
1797 4619 1973 4676 ΑΕΒ
1998 4623 2017 4690 ΙΙ
2050 4627 2113 4676 19
2152 4621 2311 4678 schol.
2340 4623 2419 4674 ad
2442 4637 2489 4674 v.
2526 4625 2623 4674 102
2664 4635 2763 4674 om.
2794 4619 2863 4686 G,
2902 4623 2997 4690 qui
3024 4637 3197 4690 supra

637 4709 774 4750 vers.
811 4699 910 4746 101
947 4695 1078 4748 haee
1113 4695 1326 4748 exhibet
1359 4695 1460 4748 aut
1493 4693 1610 4762 (Zey.
1647 4693 1732 4758 ut)
1773 4691 1890 4746 eius
1927 4693 2175 4746 mentem
2212 4689 2455 4746 stimulis
2490 4691 2713 4746 foderet
2750 4691 2901 4758 quod
2936 4691 3003 4746 fit
3040 4689 3195 4760 equis

639 4767 708 4820 ut
741 4765 1104 4820 concutifiant
1143 4765 1290 4834 (fort.
1323 4763 1528 4818 conciti
1563 4761 1716 4832 fiant)
1757 4765 1818 4816 et
1851 4763 2123 4818 acriorem
2164 4763 2463 4818 incitentur
2500 4761 2559 4814 in
2592 4779 2831 4816 cursum.
2902 4763 3193 4816 translatio

637 4839 726 4890 est
761 4837 834 4890 de
869 4851 1012 4904 equo
1053 4835 1124 4890 ad
1161 4833 1450 4890 hominem
1485 4836 1506 4904 ΙΙ
1555 4839 1620 4888 20
1661 4833 1746 4888 est
1767 4837 1884 4888 ουτ..
1925 4833 2161 4888 FC‘AS
2194 4835 2211 4902 11
2258 4831 2413 4902 post]
2450 4835 2579 4900 post
2614 4835 2703 4888 est
2738 4833 2849 4886 AS
2884 4835 2907 4902 11
2950 4833 3191 4902 dictura]

637 4905 862 4962 dictura
897 4909 984 4960 est
1019 4905 1138 4960 FO
1173 4907 1194 4974 11
1239 4913 1306 4960 21
1347 4905 1396 4958 si
1433 4905 1598 4974 nune]
1641 4905 1718 4958 sic
1755 4921 1860 4958 nec
1899 4903 1961 4956 F
2010 4905 2059 4958 si
2094 4921 2197 4958 nec
2232 4905 2443 4958 Daniel
2480 4905 2499 4972 11
2548 4909 2611 4956 22
2654 4921 2765 4960 non
2802 4903 2971 4972 ullus]
3010 4905 3195 4956 nullus

639 4977 762 5032 FG‘·
819 4981 838 5046 11
889 4979 1082 5048 cessit]
1119 4977 1326 5046 dignus
1371 4975 1650 5046 Veryilius
1701 4977 1720 5042 11
1773 4981 1844 5028 24
1881 4995 1983 5028 Non
2022 4995 2161 5030 VLLA
2194 4991 2445 5028 LABonM
2490 4989 2587 5030 om.
2628 4975 2749 5030 ,ΡΘ
2800 4977 2821 5046 11
2876 4993 2911 5030 0
2948 4991 3049 5028 om.
3086 4973 3201 5100 Αί11

641 5051 712 5100 25
747 5047 920 5102 breue
951 5049 1124 5104 FGO
1149 5049 1170 5118 11
1205 5055 1272 5102 26
1311 5049 1436 5102 loco
1473 5063 1542 5116 co
1577 5045 1736 5116 uirgo
1777 5045 1884 5100 AS
1937 5045 2065 5100 loco
2102 5061 2135 5100 0
2178 5045 2335 5116 uirgo
2370 5045 2579 5114 1111127
2616 5047 2855 5100 tacitum
2896 5063 2995 5102 om.
3026 5043 3145 5098 ΕΘ
