3900 5784
1295 613 1522 670 COMM.
1567 615 1650 672 IN
1687 615 1902 672 VERG.
1941 615 2111 670 AEN.
2152 611 2231 666 VI
2266 617 2565 668 177—190.
3128 603 3215 670 37

653 783 680 846 i
725 785 792 846 et
835 779 1136 864 producit
1179 783 1250 844 et
1291 781 1590 864 corripit:
1633 781 1961 848 Iuvenalis
2008 777 2215 864 <XIII
2242 777 2413 864 225>
2462 799 2611 844 11011
2656 775 2885 862 quasi
2930 771 3215 840 fortui-

655 893 778 952 tus
855 909 990 952 nec
1057 889 1462 952 ventorum
1533 889 1780 974 rabie,
1857 887 1987 954 sed
2062 887 2313 950 iratus
2388 885 2617 950 cadat
2680 885 2759 948 in
2824 889 3075 948 terras
3140 883 3219 942 et

655 993 948 1060 iudicet
997 993 1236 1078 ignis,
1281 999 1506 1060 contra
1547 993 1862 1062 Horatius
1905 1017 2045 1062 1160
2094 993 2505 1058 fortuitum
2554 1013 2917 1076 spernere
2968 987 3213 1074 cespi-

655 1105 802 1164 tem
861 1101 1070 1186 leges
1131 1101 1516 1168 sinebant.
1611 1103 1718 1166 hic
1763 1103 1934 1166 enim
1984 1101 2111 1166 nisi
2154 1101 2179 1164 i
2226 1099 2447 1164 littera
2490 1085 2689 1184 longa
2734 1101 2849 1184 sit,
2900 1121 3033 1164 non
3082 1099 3217 1160 stat

653 1229 896 1272 versus.
981 1211 1046 1272 et
1095 1207 1218 1272 hoc
1261 1209 1650 1292 protulimus
1701 1209 2065 1290 exemplum
2110 1205 2299 1268 unius
2352 1207 2699 1290 sermoniS‚
2742 1227 2823 1268 ne
2862 1205 3003 1288 quis
3040 1203 3217 1266 dicat
3250 1207 3283 1256 5

655 1311 930 1378 ‘iturus'
981 1317 1044 1378 et
1095 1313 1284 1380 ‘itur’
1343 1315 1488 1380 ideo
1545 1315 1792 1378 variam
1853 1313 2095 1376 habere
2146 1317 2451 1374 naturam
2512 1313 2779 1394 propter
2846 1315 3215 1396 temporum

651 1421 1060 1486 varietatem:
1111 1423 1282 1486 unde
1323 1423 1552 1486 melius
1605 1425 1730 1502 est,
1771 1423 1850 1482 ut
1893 1419 2197 1500 diximus,
2252 1415 2519 1500 originis
2570 1417 2973 1482 considerare
3016 1417 3215 1482 ratio-
3310 1497 3319 1506 .

559 1607 564 1610 Ι
655 1547 822 1590 116111.
915 1551 1068 1592 sane
1121 1527 1492 1592 ‘fortuitus’
1539 1527 1622 1590 ab
1671 1525 1878 1590 eundo
1927 1527 2029 1588 est
2076 1525 2141 1586 et
2188 1545 2227 1586 a
2270 1521 2535 1588 fortuna
2584 1523 3009 1608 conpositum.

839 1635 984 1698 180.
1053 1651 1516 1700 PROOVMBVNT
1561 1649 1802 1698 ΡΙΟΕΑΕ
1857 1631 2041 1716 picea
2092 1629 2439 1694 secundum
2484 1629 2767 1692 Plinium
2816 1629 2885 1694 in
2926 1629 3217 1692 naturali

653 1739 930 1804 historia
981 1741 1206 1824 quinta
1253 1739 1500 1824 species
1543 1739 1718 1802 cedri
1763 1741 1890 1802 est:
1937 1759 2093 1802 nam
2130 1737 2347 1800 cedria
2384 1735 2555 1800 dicta
2596 1737 2695 1800 est
2730 1737 2917 1820 quasi
2954 1735 3213 1818 καιομέ-
3254 1745 3323 1794 10

651 1871 774 1930 νης
819 1843 1026 1934 δρυὸς
1069 1841 1316 1932 ὑγρὸν,
1361 1847 1428 1910 -id
1479 1851 1580 1912 est
1627 1847 1878 1912 arboris
1923 1867 2113 1910 umor
2158 1843 2467 1908 ardentis,

833 1955 980 2020 183.
1051 1971 1184 2020 NEC
1233 1973 1378 2020 NON
1421 1971 1686 2018 AENEAS
1737 1956 1904 2019 bona
1958 1953 2337 2018 oeconomia
2382 1953 2635 2016 venitur
2686 1953 2763 2016 ad
2812 1971 3083 2014 ramum.

837 2061 984 2124 184.
1053 2077 1478 2124 Acemelrvu
1521 2079 1728 2124 ARMIS
1773 2061 2121 2124 instruitur
2162 2057 2411 2124 officiis
3178 2125 3181 2128 ,

835 2167 980 2232 186.
1049 2187 1276 2232 FORTE
1323 2183 1682 2232 PRECATVR
1739 2169 1926 2232 vacat
1978 2163 2239 2230 ‘forte’t
2298 2167 2365 2226 et
2408 2167 2509 2228 est
2554 2187 2775 2230 versus
2826 2165 2899 2228 de
2950 2163 3049 2226 his
3102 2165 3213 2250 qui

651 2273 956 2340 tibicines
1013 2279 1356 2358 vocantur,
1415 2271 1648 2356 quibus
1707 2275 1896 2338 datur
1952 2271 2193 2356 aliquid
2250 2271 2331 2334 ad
2390 2273 2597 2336 solam
2642 2271 2835 2336 metri
2882 2277 3205 2336 sustenta-
3248 2281 3313 2330 15

651 2379 922 2466 tionem,
975 2385 1046 2446 ut
1095 2381 1200 2466 <V
1247 2379 1420 2464 457>
1471 2401 1664 2446 110110
1713 2383 1983 2446 dextra
2026 2403 2225 2444 nunc
2266 2379 2407 2442 ille
2458 2379 2811 2444 sinistra:
2872 2401 2989 2444 1160
3038 2379 3211 2444 enim

655 2509 998 2570 possumus
1041 2489 1416 2574 intellegere
1467 2509 1612 2552 eum
1659 2487 1936 2552 fortuitu
1984 2507 2265 2572 rogasse.

833 2595 978 2660 187.
1051 2615 1116 2662 SI
1183 2595 1560 2662 adverbium
1629 2595 1920 2680 rogantis
1984 2597 2047 2658 et
2110 2595 2393 2676 optantis
2462 2597 2559 2658 est
2620 2615 2739 2678 per
2802 2615 2869 2658 se
2924 2593 3211 2678 plenum,

659 2701 824 2766 sicut
873 2705 936 2766 et
987 2703 1110 2780 (θ’,
1161 2723 1550 2786 quamquam
1599 2703 1906 2766 neoterici
1952 2701 2115 2766 haec
2158 2701 2433 2784 iungant
2482 2703 2545 2764 et
2592 2723 2709 2784 pro
2754 2723 2885 2766 uno
2930 2703 3209 2784 ponant:

657 2805 916 2872 Persius
987 2809 1092 2892 <II
1143 2811 1266 2892 10>
1335 2829 1374 2872 o
1437 2809 1506 2872 si
1569 2807 1900 2872 ebulliat
1966 2811 2323 2892 patrum,
2392 2809 2879 2888 praeclarum
2944 2805 3205 2872 funus!
3246 2819 3317 2868 20

651 2915 728 2976 et
773 2937 808 2980 ο
861 2917 938 2980 si.
2104 2935 2107 2938 ’
2398 2907 2407 2922 ‘
3244 2911 3249 2916 ’

831 3023 976 3088 188.
1051 3039 1338 3100 QVANDO
1407 3021 1742 3108 siquidem.
1815 3025 1882 3086 et
1935 3021 2245 3086 ‘nimium
2300 3021 2485 3084 vere'
2540 3041 2685 3084 cum
2740 3021 2991 3106 ingenti
3046 3021 3211 3086 dixit

655 3127 936 3212 adfectu,
987 3115 1182 3212 quasi*
1217 3153 1392 3194 mors
1437 3129 1770 3212 praedicta
1817 3129 1987 3192 falsa
2032 3149 2173 3192 esse
2224 3127 2531 3192 debuerit.

837 3237 980 3300 190.
1053 3253 1194 3300 CVM
1249 3255 1474 3302 FORTE
1527 3251 1898 3300 COLVMBAE
1962 3235 2235 3320 auguria
2290 3239 2403 3300 aut
2460 3235 2747 3300 oblativa
2800 3237 2977 3316 sunt,
3040 3259 3207 3320 quae

649 3363 780 3406 non
825 3347 1206 3428 poscuntur,
1253 3347 1368 3408 aut
1401 3345 1826 3428 inpetrativa‚
1877 3365 2037 3428 quae
2080 3345 2305 3428 optata
2344 3343 2629 3408 veniunt.
2698 3343 2821 3408 hoc
2860 3363 3013 3426 ergo
3054 3345 3207 3428 quia
3244 3357 3313 3408 25

797 3525 828 3572 3
869 3515 1162 3590 Horatius]
1209 3537 1378 3574 carm.
1413 3519 1468 3572 II
1507 3523 1590 3586 15,
1635 3523 1696 3574 17
1745 3522 1762 3590 ΙΙ
1815 3525 1850 3572 9
1887 3517 1948 3572 in
1984 3517 2231 3576 naturali
2266 3517 2525 3588 historia]
2568 3519 2697 3572 XVI
2734 3525 2763 3584 ξ
2800 3525 2871 3574 38
2898 3535 3017 3586 sqq.
3064 3521 3085 3588 ΙΙ
3138 3525 3207 3574 10

651 3605 780 3642 nani
819 3589 1036 3646 cedria.
1061 3633 1074 3644 .
1099 3633 1112 3646 .
1143 3589 1410 3660 ardentis]
1455 3607 1626 3644 exscr.
1661 3591 1790 3644 Isid.
1833 3607 1908 3642 or.
1949 3589 2109 3644 XVII
2134 3597 2183 3656 ¹7,
2214 3597 2281 3642 33
2316 3591 2339 3658 1]
2380 3597 2445 3642 18
2486 3589 2809 3644 adverbium
2832 3605 2893 3644 ,6.
2936 3609 2989 3658 q.
3028 3591 3095 3660 s.]
3136 3591 3205 3648 cf,

651 3659 882 3732 [Sergii]
919 3663 1140 3730 explan.
1175 3661 1238 3714 in
1271 3661 1412 3716 Don.
1453 3681 1506 3732 p.
1545 3667 1666 3726 510,
1711 3667 1776 3714 10
1813 3661 1878 3714 Κ.
1925 3663 1944 3728 ΙΙ
2002 3667 2069 3714 24
2110 3661 2345 3730 auguria
2366 3705 2379 3718 .
2402 3705 2413 3716 .
2438 3705 2451 3716 .
2482 3661 2691 3714 coitum
2730 3663 2799 3728 (v.
2844 3663 2993 3732 193)]
3032 3677 3205 3716 exscr.

647 3731 924 3798 mythogr.
963 3731 1066 3798 ΙΙΙ,
1111 3739 1190 3800 11,
1233 3739 1298 3786 14
1335 3737 1394 3786 et
1431 3741 1500 3788 16
1565 3741 1572 3748 ’

791 3881 818 3928 1
853 3871 876 3924 i
903 3873 960 3924 et
991 3873 1178 3926 oum-H
1199 3875 1218 3942 ΙΙ
1247 3873 1572 3942 producitur
1601 3873 1650 3926 G
1687 3871 1920 3940 produci
1947 3873 2057 3926 AS
2086 3873 2245 3940 (corr.
2266 3875 2323 3940 a)
2352 3875 2371 3942 11
2394 3873 2667 3926 iuuenelis
2696 3873 2757 3926 F
2764 3873 2815 3926 Θ-
2864 3871 3069 3926 iunalis
3100 3873 3165 3926 H
3188 3875 3209 3946 Η

649 3951 678 3998 2
721 3945 876 4000 rabie
907 3943 958 3996 G
1011 3943 1166 4014 rabie
1197 3945 1260 3996 F
1305 3943 1464 3996 rabie
1503 3961 1568 3996 ex
1607 3943 1788 3998 rabies
1821 3943 1896 3996 M
1903 3963 1914 3996 ε
1954 3941 2137 3996 rabies
2164 3943 2343 3996 RAS
2392 3945 2583 4014 rapias
2620 3945 2687 3996 H
2710 3945 2785 4014 113
2826 3943 3037 4012 cespite
3078 3943 3205 4012 lege

649 4015 702 4068 R
731 4015 750 4086 ΙΙ
777 4023 810 4070 4
847 4013 978 4068 hinc
1005 4015 1116 4068 AS
1165 4015 1300 4082 hinc
1341 4015 1392 4068 G
1415 4017 1434 4084 ΙΙ
1463 4015 1486 4066 i
1521 4015 1714 4068 littera
1749 4013 1894 4068 RF:
1935 4011 2105 4068 litera
2138 4013 2159 4068 i
2196 4015 2365 4068 litera
2398 4015 2453 4068 G
2506 4013 2673 4070 litera
2712 4017 2731 4068 i
2766 4013 2877 4068 AS
2886 4015 2965 4068 M
3012 4013 3207 4074 littera

647 4087 714 4140 Η
753 4089 770 4158 ΙΙ
825 4091 858 4140 9
895 4087 1054 4140 schol.
1095 4089 1168 4140 ad
1203 4103 1254 4140 v.
1293 4091 1398 4140 180
1433 4103 1534 4140 om.
1575 4087 1628 4140 G
1671 4089 1688 4158 ΙΙ
1743 4103 1926 4140 mcum
1966 4103 2311 4140 rizocvnssvxr
2350 4087 2423 4140 M
2468 4089 2487 4158 [1
2540 4091 2609 4140 10
2644 4087 2797 4158 nam]
2842 4103 2971 4140 nam
3010 4083 3059 4138 si
3094 4085 3207 4162 Ru

649 4159 784 4212 data
809 4159 866 4214 A
907 4155 1082 4226 (dicta
1111 4161 1164 4228 a)
1193 4161 1212 4228 Ι]
1243 4157 1426 4228 quasi]
1461 4173 1572 4228 qua
1605 4159 1674 4210 M
1701 4159 1720 4228 fl
1749 4173 2035 4210 ceomenes
2066 4157 2233 4226 dryos
2258 4173 2435 4226 ygron
2464 4155 2639 4212 ΕΑΒ
2686 4173 2975 4212 0600161166
3004 4157 3205 4214 ardens

647 4247 884 4296 quercus
921 4227 1090 4296 dryos
1127 4247 1304 4298 ygron
1343 4229 1404 4282 F
1465 4229 1746 4284 ceomines
1789 4227 1946 4282 drros
1994 4227 2155 4296 igron
2192 4227 2261 4282 H
2314 4245 2635 4284 Kceomenes
2680 4229 2799 4284 dios
2848 4245 3035 4296 ygyon
3078 4229 3151 4282 M
3184 4229 3205 4304 Ι]

649 4307 710 4354 11
755 4315 912 4356 umor
947 4299 1100 4354 AH:
1139 4299 1338 4354 humor
1375 4301 1488 4354 RS
1497 4301 1570 4356 M
1577 4317 1616 4352 a
1665 4299 1914 4354 humoris
1954 4299 2015 4352 F
2036 4301 2053 4368 ΙΙ
2084 4299 2291 4354 ardetis
2328 4299 2437 4356 AS
2478 4303 2635 4370 (corr.
2672 4305 2731 4370 a)
2758 4303 2773 4370 ss
2820 4305 2885 4354 12
2926 4299 3203 4354 oechono-

645 4371 762 4426 mia
795 4373 852 4428 R
911 4371 1200 4426 economia
1239 4373 1290 4424 A
1347 4371 1710 4428 oeconomina
1749 4371 1806 4424 F
1859 4369 2261 4424 ococonomina
2296 4371 2365 4424 H
2402 4373 2419 4442 [Ι
2464 4371 2623 4426 uenit
2656 4371 2715 4426 R
2756 4375 2773 4442 ΙΙ
2826 4377 2889 4424 13
2926 4371 3091 4426 schol.
3126 4375 3205 4428 acl

645 4461 692 4500 υ.
737 4449 840 4500 184
877 4457 978 4494 om.
1015 4443 1064 4494 G
1091 4445 1112 4512 ss
1143 4449 1206 4494 14
1245 4461 1326 4494 sic
1363 4461 1530 4496 romi:
1569 4443 1622 4494 G·
1647 4443 1666 4512 u
1697 4449 1762 4494 15
1797 4443 2033 4494 uocatur
2070 4441 2189 4494 FG
2218 4443 2451 4512 udatur]
2492 4443 2717 4496 additur
2750 4445 2911 4512 vulyo
2940 4443 2959 4512 ΙΙ
2990 4449 3055 4496 16
3094 4459 3203 4496 nuc

651 4515 816 4582 (110110
855 4515 912 4580 a)
949 4513 1178 4568 dextera
1215 4515 1272 4566 ,Α
1317 4515 1336 4584 ΙΙ
1383 4513 1602 4584 dextra]
1641 4513 1991 4584 ingeminans
2026 4513 2169 4566 ictus
2212 4515 2339 4568 add.
2380 4513 2433 4568 G
2480 4515 2497 4585 [Ι
2542 4515 2739 4568 dextra
2772 4513 2947 4582 nunc]
2986 4515 3205 4568 dixerat

647 4583 814 4642 inune
851 4583 920 4638 H
939 4585 956 4653 ΙΙ
1001 4589 1062 4638 17
1107 4587 1256 4656 eum]
1293 4603 1420 4638 cum
1459 4583 1576 4638 FG
1605 4587 1624 4654 ΙΙ
1661 4589 1730 4638 18
1765 4583 2017 4652 rogantis
2054 4587 2117 4638 et
2150 4599 2249 4640 om.
2288 4585 2527 4638 FGAS
2552 4587 2569 4654 ΙΙ
2612 4591 2673 4636 19
2716 4585 2861 4638 sicut
2892 4587 2953 4638 et
2992 4583 3101 4656 ‘o’J
3136 4587 3205 4638 ut

647 4655 708 4710 in
755 4657 948 4728 quinto
991 4657 1140 4722 (195)
1173 4671 1516 4726 quamquam
1553 4671 1614 4722 ο,
1669 4653 1770 4708 sed
1819 4657 2083 4722 superent
2128 4657 2257 4710 add.
2294 4655 2599 4710 Fabricius
2648 4655 2665 4722 ΙΙ
2726 4661 2787 4708 19
2838 4655 3199 4726 quamquam]

647 4727 784 4784 licet
819 4727 982 4794 vulyo
1035 4729 1052 4796 fl
1107 4725 1402 4782 ineoterici
1437 4729 1492 4782 G
1551 4723 1806 4782 moderni
1845 4743 2109 4794 superscr.
2144 4745 2199 4780 m
2252 4731 2269 4798 ΙΙ
2322 4743 2431 4782 uno
2472 4725 2623 4778 RH:
2674 4743 2785 4780 una
2826 4725 3149 4782 FGASM
3184 4729 3203 4796 ἰΙ

649 4805 716 4852 20
759 4797 972 4858 ebuliat
1007 4797 1142 4850 RH
1191 4797 1392 4854 ebullit
1425 4797 1536 4852 AS
1593 4797 1806 4850 ebullat
1845 4797 2049 4850 FGM
2074 4797 2093 4866 ΙΙ
2134 4803 2199 4850 22
2240 4815 2341 4866 pro
2380 4797 2651 4864 siquidem
2692 4797 2745 4852 G
2776 4799 2795 4868 ΙΙ
2840 4803 2903 4852 23
2946 4797 3207 4920 6111160ὺῖ]

649 4869 816 4930 effatu
867 4869 1074 4924 Daniel
1119 4871 1136 4938 ΙΙ
1187 4869 1516 4938 praedicata
1551 4869 1630 4920 M
1667 4869 1686 4936 Ι]
1743 4873 1810 4920 24
1857 4867 2017 4920 schol.
2054 4869 2131 4922 ad
2164 4887 2213 4924 v.
2258 4875 2359 4922 190
2394 4885 2497 4922 om.
2536 4865 2589 4920 Cr*
2632 4869 2649 4939 Ι]
2706 4875 2771 4922 25
2818 4869 3109 4938 impetrita

1637 4943 1656 4980 t

645 4991 962 5124 {zarai-,vina
999 4993 1054 5046 A
1101 4995 1262 5062 (corr.
1297 4995 1356 5062 a)
1407 4991 1748 5064 impetraiua
1779 4989 1852 5042 H
1889 4991 1934 5058 (t
1972 4957 2241 5060 superseri
2272 4991 2331 5060 h)
2394 4989 2741 5060 inpetratiua
2784 4995 2863 5046 M
2902 4995 2933 5064 ss-
2978 4991 3197 5062 optata]

647 5079 678 5116 ο
