3900 5784
1261 617 1488 678 coMM.
1525 617 1606 676 111
1641 617 1860 678 Vnae.
1895 587 2069 678 AEN.
2108 617 2185 674 v1
2222 617 2517 674 694-708.
3084 611 3165 680 97

623 785 690 848 in
747 783 1068 868 corpora?
1159 805 1286 848 non
1345 789 1444 848 est
1495 787 1870 872 verisimile,
1933 787 2239 850 liberatas
2304 785 2379 848 de
2440 785 2727 868 corporis
2784 805 3035 848 carcere
3094 783 3175 848 acl

627 893 764 956 eius
809 913 1046 956 nexum
1083 887 1348 956 reverti.
1441 899 1740 978 suscepta
1783 893 2159 960 narratione
2206 893 2367 958 haec
2416 891 2731 956 Anchises
2780 891 3179 976 exsequitur:

627 999 838 1082 primo
901 997 1132 1062 debere
1197 997 1334 1060 fieri
1393 987 1468 1062 ut
1525 1001 1820 1084 redeant,
1881 1001 2111 1064 deinde
2174 1023 2393 1084 posse,
2460 999 2687 1064 deinde
2740 999 2927 1064 velle.
3016 1019 3179 1082 quae

631 1103 940 1188 quoniam
995 1105 1270 1168 obscura
1331 1111 1506 1188 sunt,
1563 1107 1708 1170 aliis
1765 1107 2319 1172 subdivisionibus
2362 1107 2795 1168 innotescunt.
2886 1105 3037 1190 quid
3086 1109 3187 1168 est

637 1209 910 1274 debere?
973 1203 1206 1274 cuncta
1259 1211 1566 1274 animalia
1621 1235 1660 1274 a
1709 1211 1824 1274 deo
1873 1213 2195 1296 originem
2250 1211 2509 1274 ducunt.
2602 1231 2761 1292 quae
2812 1211 2967 1292 quia
3006 1211 3189 1274 nasci
3224 1219 3253 1268 5

637 1317 982 1400 cernimuS,
1045 1321 1456 1382 revertuntur
1515 1317 1650 1380 sine
1715 1317 1938 1380 dubio:
2000 1339 2155 1380 nam
2222 1317 2387 1380 unde
2444 1321 2675 1380 cuncta
2728 1317 3191 1400 procreantur?

641 1421 868 1486 deinde
911 1445 1108 1508 posse
1153 1423 1246 1488 sic
1291 1423 1552 1506 probat:
1603 1423 1756 1508 quia
1789 1423 2175 1486 inmortales
2216 1427 2365 1484 sunt
2402 1421 2683 1506 animae,
2730 1427 2795 1484 et
2842 1427 2993 1486 sunt
3028 1445 3193 1508 quae

643 1535 916 1612 possunt
949 1531 1224 1596 reverti.
1305 1531 1574 1594 tertium
1621 1533 1724 1592 est
1767 1531 1985 1592 utrum
2028 1529 2261 1592 velint:
2312 1529 2483 1612 quod
2528 1529 2687 1592 dicit
2732 1529 2873 1592 fieri
2920 1553 3033 1612 per
3080 1529 3197 1592 Le-

643 1635 906 1700 thaeum
955 1637 1242 1700 fluvium.
1313 1637 1380 1698 et
1423 1635 1544 1698 hoc
1587 1637 1682 1698 est
1723 1635 1892 1718 quod
1941 1635 2229 1700 dicturus
2274 1639 2399 1718 est,
2452 1633 2561 1698 sed
2606 1633 2963 1700 incidentes
3008 1657 3199 1718 quae-

647 1739 894 1806 stiones
939 1741 1192 1806 faciunt
1239 1741 1720 1806 obscuritatem.
2242 1745 2247 1748 ’
3238 1751 3307 1800 10

829 1847 976 1912 704.
1045 1865 1406 1914 VIRGVLTA
1475 1865 1822 1912 SONANTIA
1891 1865 2143 1912 SILVAE
2222 1871 2381 1934 quae
2458 1851 2557 1914 est
2620 1847 2801 1912 iuxta
2874 1847 3203 1930 praeripia

651 1955 952 2038 fluminis,
1935 1949 1938 1954 ¹

741 2123 744 2126 ,
833 2061 978 2126 705.
1049 2079 1288 2128 DoMos
1339 2079 1674 2126 PLAOIDAs
1727 2085 1991 2146 campos
2030 2061 2309 2146 Elysios,
2460 2079 2875 2126 PRAENATAT
2920 2063 3209 2144 praeter-

655 2167 818 2232 fluit.
901 2171 964 2230 et
1013 2169 1332 2232 contrarie
1383 2169 1622 2232 dictum
1669 2173 1790 2234 est:
1847 2191 2003 2234 nam
2046 2191 2177 2232 non
2228 2171 2459 2232 natant
2514 2191 2749 2254 aquae,
2800 2169 2913 2234 sed
2968 2189 3089 2232 nos
3140 2169 3209 2232 in

645 2275 818 2358 ‘ipsis
885 2279 1208 2342 natamus,
1297 2273 1582 2340 Ennium
1647 2277 1852 2360 igitur
1915 2279 2171 2340 secutus
2240 2279 2373 2360 est,
2436 2277 2547 2360 qui
2612 2275 3213 2358 aitfluctusque
3252 2285 3317 2332 15

661 2385 1050 2446 natantes
1147 2403 1296 2444 sane
1355 2383 1430 2444 de
1483 2381 1608 2444 hoc
1659 2381 1858 2446 fluvio
1915 2381 2247 2464 quaeritur
2302 2403 2343 2444 a
2384 2381 2939 2466 prudentioribus»,
2998 2385 3215 2444 utrum

663 2487 742 2550 de
789 2489 918 2552 illis
963 2509 1196 2552 novem
1241 2487 1352 2578 sit,
1399 2489 1510 2570 qui
1545 2487 1840 2552 ambiunt
1875 2487 2149 2570 11116108,
2198 2511 2279 2552 an
2318 2491 2573 2570 praeter
2610 2509 2861 2552 novem.
2924 2489 2993 2550 et
3028 2487 3219 2552 datur

663 2579 956 2678 intellegi
1015 2595 1188 2678 quod.
1243 2595 1322 2660 ab
1387 2593 1518 2656 illis
1573 2615 1833 2677 novem,
1891 2593 2003 2678 qui
2056 2593 2351 2656 ambiunt
2396 2595 2661 2678 inferos,
2720 2597 3057 2676 separatus
3108 2593 3217 2658 sit:

665 2723 942 2782 namque
991 2701 1222 2766 volunt
1271 2723 1414 2764 eum
1461 2721 1602 2764 esse
1647 2699 1997 2782 imaginem
2036 2699 2403 2764 senectutis,
2478 2721 2627 2762 nam
2664 2699 2919 2762 animae
2958 2703 3221 2762 nostrae

667 2807 898 2892 vigent
943 2809 1010 2870 et
1055 2807 1298 2870 alacres
1349 2811 1502 2870 sunt
1545 2811 1612 2870 et
1649 2807 1876 2890 plenae
1911 2807 2227 2870 memoria
2264 2831 2301 2870 a
2338 2807 2621 2890 pueritia
2652 2829 2859 2888 usque
2894 2807 2977 2870 ad
3014 2805 3223 2870 viren-
3260 2817 3329 2866 20

667 2917 800 2976 tem
859 2915 1210 2996 senectam,
1273 2915 1500 2996 postea
1553 2913 1624 2976 111
1675 2911 1880 2976 nimia
1933 2915 2265 2978 senectute
2318 2913 2531 2976 omnis
2586 2915 2899 2978 memoria
2948 2913 3225 2978 labitur:

665 3041 792 3102 qua
849 3019 1036 3104 lapsa
1081 3041 1258 3084 mors
1313 3021 1686 3104 intervenit,
1753 3021 1814 3084 et
1873 3021 2129 3086 animae
2182 3021 2257 3084 in
2298 3019 2473 3084 aliud
2522 3041 2753 3104 corpus
2796 3023 3227 3086 revertuntur.

663 3125 828 3188 unde
879 3125 1138 3212 fingunt
1179 3131 1414 3210 poetae
1459 3125 1708 3190 animas
1759 3125 2043 3190 Lethaeo
2094 3125 2327 3190 hausto
2378 3125 2447 3188 111
2494 3147 2729 3210 corpus
2768 3125 2999 3192 redire.
3070 3147 3227 3212 ergo

669 3231 988 3296 Lethaeus
1037 3237 1138 3296 est
1181 3233 1446 3318 oblivio,
1495 3233 1690 3296 morti
1731 3215 1993 3320 ⁴semper
2034 3233 2267 3296 vicina.

855 3341 1032 3404 706..
1075 3355 1342 3404 GENTES
1391 3355 1788 3416 POPVLIQVE
1845 3337 2331 3404 innumerarum
2390 3337 2675 3422 gentium
2734 3341 2797 3404 et
2844 3339 3233 3424 populorum
3268 3351 3337 3398 25

673 3467 946 3512 ammae.

859 3543 1042 3618 708.
1079 3569 1426 3618 FLORIBvs
1473 3569 1806 3618 msmvn'r
1855 3551 2099 3616 ‘insido
2148 3553 2249 3614 illi
2290 3551 2437 3634 rei',
2486 3553 2557 3616 ut
2606 3551 2677 3636 <I
2720 3553 2893 3638 719>
2940 3553 3239 3618 insidat

679 3663 1012 3744 quantus
1077 3661 1408 3724 miserae
1471 3659 1672 3724 (16118.
1765 3657 2063 3722 ‘insisto'
2128 3661 2339 3722 autem
2392 3659 2611 3722 ‘illam
2654 3659 2847 3744 rem'‚
2898 3665 2975 3724 ut
3022 3659 3241 3746 (563)

681 3767 882 3830 nulli
927 3767 1048 3830 fas
1095 3771 1310 3830 casto
1359 3769 1820 3832 sceleratum
1869 3767 2243 3830 insistere
2286 3765 2541 3830 limen.

831 3945 898 3992 15
933 3939 1202 4010 Ennium]
1243 3957 1368 3994 ann.
1411 3959 1462 3994 v,
1503 3943 1608 3992 584
1649 3955 1736 4006 ap.
1775 3937 1940 3992 Vahl.
1980 3941 2001 4008 ss
2048 3943 2111 3992 16
2152 3957 2285 3994 83116
2324 3939 2395 3992 de
2428 3939 2537 3992 hoc
2572 3937 2747 3992 fluvio
2782 3953 2831 3996 6.
2872 3957 2923 4008 q.
2964 3941 3035 4012 8.]
3072 3943 3275 3998 exsors

689 4011 962 4080 mythogr.
1001 4011 1030 4064 Ι
1063 4015 1168 4064 201
1207 4013 1270 4064 et
1303 4009 1384 4064 ΙΙΙ
1421 4017 1468 4078 6,
1509 4019 1538 4066 7

835 4213 868 4260 3
907 4207 1036 4262 inde
1073 4223 1236 4274 posse
1279 4205 1394 4260 FO
1429 4209 1450 4274 ll
1501 4171 1848 4260 demdeuelle
1895 4207 1967 4260 M
2006 4205 2225 4276 (deinde
2264 4207 2393 4260 add.
2428 4207 2503 4274 m)
2558 4205 2687 4260 dein
2726 4205 2877 4260 uelle
2916 4205 2963 4260 Ο
3004 4209 3025 4274 [Ι
3076 4207 3249 4278 quae]

697 4295 950 4346 quaeque
987 4277 1036 4332 Ο
1059 4279 1078 4346 [Ι
1105 4283 1142 4330 4
1177 4275 1546 4330 diuisionibuu
1587 4279 1664 4330 M
1711 4275 2237 4332 subdefinitionibus
2268 4277 2383 4330 FO
2402 4279 2423 4346 u
2446 4277 2805 4332 innotescant
2840 4277 2897 4330 R
2922 4279 2941 4347 11
2968 4277 3105 4346 quid
3144 4281 3251 4346 est]

693 4349 926 4416 ,quidem
961 4349 1070 4402 As
1123 4347 1186 4402 id
1221 4353 1306 4400 est
1343 4347 1392 4402 G
1413 4349 1434 4418 ss
1473 4355 1506 4402 5
1543 4349 1810 4404 animalia
1843 4351 2051 4402 cuncta
2088 4349 2151 4402 F
2180 4351 2199 4420 ss
2242 4355 2275 4402 6
2310 4365 2439 4402 nam
2476 4349 2627 4404 unde
2664 4349 2705 4404 S
2714 4347 2905 4402 ΕΘΗ
2952 4365 3085 4402 nam
3126 4349 3257 4406 inde

699 4421 754 4472 R
771 4421 842 4472 M
877 4437 1006 4472 nam
1037 4435 1132 4474 om.
1159 4419 1212 4472 A
1241 4425 1292 4472 et
1317 4421 1654 4490 exemplaria
1677 4421 1942 4488 impressa
1968 4421 1989 4488 [Ι
2018 4427 2047 4474 7
2078 4421 2343 4474 mortales
2370 4421 2441 4474 M
2462 4421 2483 4490 ΙΙ
2512 4425 2569 4476 et
2596 4437 2741 4490 quae
2774 4423 2907 4472 sunt
2932 4421 3001 4474 G.
3034 4421 3259 4476 Vossius

703 4491 720 4560 ᾗῇ
757 4499 792 4544 8
827 4495 1064 4544 nossunt
1097 4491 1160 4544 F
1181 4493 1200 4560 l}
1225 4489 1428 4544 tertius
1463 4491 1526 4544 F
1575 4491 1816 4544 dertium
1857 4491 1906 4544 G
1927 4493 1946 4560 ΙΙ
1982 4491 2273 4546 loetheum
2310 4491 2363 4544 R
2418 4493 2743 4546 loethaeum
2782 4491 2849 4544 H
2896 4491 3147 4544 letheum
3188 4495 3265 4546 M

699 4563 924 4616 ledeum
955 4561 1002 4616 G
1027 4564 1046 4631 ΙΙ
1075 4567 1138 4614 11
1171 4559 1450 4630 praeripia
1477 4561 1806 4616 ASRMG:
1845 4563 2105 4630 praei-ipa
2136 4561 2195 4616 F
2246 4561 2403 4630 peria
2426 4565 2453 4614 ’1
2480 4561 2693 4632 firipita
2718 4561 2815 4630 pia
2844 4559 2911 4614 Η
2956 4565 3263 4630 praerupta

703 4633 1040 4700 exemplaria
1091 4631 1356 4700 impressa
1403 4639 1624 4700 praeter
1679 4633 2037 4688 Lionia-num.
2102 4635 2171 4700 cf.
2220 4633 2489 4688 Gronov&
2540 4635 2741 4688 observ.
2788 4631 2813 4682 Ι
2862 4637 2931 4686 20
2978 4649 3037 4700 p.
3086 4639 3189 4688 155
3244 4635 3263 4706 li

709 4709 772 4756 13
813 4721 988 4758 Douvs
1031 4703 1116 4772 011
1141 4721 1414 4758 mmmmm
1441 4703 1482 4758 S
1507 4705 1528 4772 ΙΙ
1553 4707 1782 4772 propter
1813 4703 1940 4758 fluit
1966 4703 2025 4756 R
2062 4705 2219 4772 (cor-r.
2252 4709 2303 4774 r)
2326 4707 2347 4772 ss
2380 4711 2445 4758 14
2482 4701 2765 4758 contraria
2804 4701 2849 4754 G
2870 4703 2893 4770 ὶΙ
2920 4709 3007 4756 est
3042 4721 3145 4760 om.
3176 4705 3221 4758 0
3248 4705 3265 4776 ᾖ

709 4775 808 4830 sed
841 4793 942 4830 nos
975 4775 1090 4844 ipsi
1123 4775 1382 4828 natamus
1421 4775 1472 4828 A
1531 4775 1628 4828 scd
1665 4793 1764 4830 nos
1801 4775 1856 4828 in
1895 4773 2009 4844 ipsi
2046 4773 2201 4842 (ipsis
2238 4779 2291 4844 r)
2326 4777 2585 4830 natamus
2612 4775 2669 4826 R
2694 4777 2713 4842 ss
2746 4781 2811 4828 15
2850 4771 3129 4844 flutusque
3170 4775 3213 4828 O
3248 4777 3251 4838 ἓ

713 4853 778 4900 ιῖ
817 4845 930 4902 sint
963 4847 1006 4898 S
1033 4849 1054 4916 ΙΙ
1091 4851 1158 4898 18
1197 4847 1268 4898 ab
1307 4863 1406 4902 om.
1445 4847 1512 4898 H
1533 4849 1554 4914 ΙΙ
1575 4861 1780 4900 novem
1819 4887 1830 4898 .
1861 4887 1872 4898 .
1911 4887 1922 4898 .
1960 4843 2169 4898 inferos
2204 4863 2305 4898 om.
2344 4845 2461 4898 FO
2482 4847 2503 4914 11
2532 4843 2627 4914 sit]
2668 4849 2753 4898 est
2792 4847 2865 4898 M
2890 4847 2911 4917 ss
2948 4853 3019 4898 20
3056 4839 3267 4900 memo-'2

711 4915 826 4970 riae
865 4917 928 4970 H
961 4919 978 4986 ΙΙ
1027 4919 1098 4970 ad.
1135 4935 1234 4972 om.
1275 4915 1342 4970 H
1369 4919 1392 4986 ll
1437 4923 1504 4970 22
1543 4919 1830 4970 recurrunt
1867 4915 1944 4968 M
1976 4917 1997 4984 ΙΙ
2042 4921 2109 4970 23
2146 4915 2353 4970 haustu
2396 4913 2453 4970 F
2504 4915 2765 4970 haustum
2806 4915 2851 4970 C'
2886 4923 2907 4986 ιι
2948 4923 3021 4970 24
3056 4915 3269 4988 vicina]

715 4987 964 5040 letheum
1003 4989 1196 5042 autem
1231 4983 1346 5042 ἀπὸ
1385 4987 1482 5054 τῆς
1521 4983 1702 5054 λήθης
1735 4985 1798 5040 id
1833 4989 1924 5040 est
1958 4987 2033 5038 ab
2068 4987 2351 5042 obliuione
2394 4985 2505 5040 dici
2544 4989 2765 5042 constat
2802 4989 2929 5042 add.
2966 4989 3029 5042 D
3056 4991 3167 5056 1127
3204 4991 3273 5040 ut

715 5075 818 5114 om.
859 5057 950 5127 011
973 5057 1188 5114 insidat
1221 5059 1408 5114 ΑΒΗ
1417 5059 1486 5110 Μ
1495 5059 1564 5112 G:
1599 5057 1832 5112 insidiat
1867 5055 1997 5110 RF

825 5157 972 5198 Servii
997 5167 1162 5198 comm.
1189 5157 1292 5198 Vol.
1317 5157 1380 5196 11.
1409 5155 1542 5194 Fuso.
1567 5153 1606 5192 1.
2174 5171 2179 5174 ·
2816 5153 2843 5204 7
