3900 5784
1287 593 1514 648 COMM.
1551 591 1628 646 IN
1673 589 1884 646 VERG.
1923 589 2091 644 AEN.
2128 589 2263 644 VIII
2304 595 2601 646 374—383.
2754 585 2761 590 “
3076 587 3203 650 25Ἷ

825 755 972 820 378.
1045 783 1248 822 moass
1259 783 1420 824 VMVE
1467 783 1608 824 Tros
1659 757 1808 822 ordo
1861 759 1981 820 cst:
2036 759 2235 820 tuosve
2290 755 2521 822 labores
2576 757 2887 822 incassum
2944 771 3209 818 exterae-rc

641 863 828 926 volui.

825 969 904 1032 37
911 969 974 1034 9.
1043 989 1292 1036 PRIAMI
1333 989 1662 1038 DEBEREM
1699 987 2009 1036 PLVRIMA
2050 987 2257 1032 mirre
2308 969 2547 1032 scimus
2590 971 2759 1054 quod
2800 971 3019 1034 Paridi
3066 975 3205 1034 tan-

641 1079 782 1140 tum
833 1077 1076 1160 debuit,
1127 1081 1240 1144 sed
1283 1083 1406 1146 hoc
1445 1079 1618 1146 velat
1655 1079 1934 1142 aliarum
1972 1077 2589 1140 commemoratione
2626 1099 3081 1162 personarum,
3124 1099 3209 1140 ne

613 1203 724 1246 -ex
765 1185 944 1266 turpi
983 1175 1176 1250 causa
1213 1187 1434 1254 Paridi
1473 1185 1770 1252 debuisse
1809 1185 2119 1250 videatur.
2194 1185 2383 1248 simul
2422 1187 2499 1266 ct,
2548 1189 2617 1248 ut
2650 1185 2899 1266 quidam
2938 1187 3207 1268 tradant,
3244 1195 3277 1240 ι’)

631 1289 1122 1370 pulchritudinis
1173 1317 1326 1360 suae
1379 1295 1724 1362 Vulcanum
1779 1295 2089 1378 admonet,
2146 1293 2257 1356 hoc
2314 1293 2399 1354 cst
2454 1287 2721 1368 ‘formae
2764 1293 2989 1356 iudicio
3040 1293 3211 1356 Iovis

643 1397 960 1482 coniuyem
1001 1399 1170 1468 vici'.

827 1509 974 1574 380.
1047 1527 1322 1574 AENEAE
1365 1525 1746 1574 FLEVISSEM
1797 1525 2011 1572 SAEPE
2062 1525 2395 1572 LABOREM
2452 1509 2611 1570 bene
2670 1511 2823 1590 post
2874 1505 3211 1594 Pergama,

645 1619 802 1698 post
845 1615 1158 1680 Troianos
1171 1669 1188 1700 ,
1233 1621 1384 1702 post
1425 1615 1666 1680 Priami
1703 1615 1942 1678 liberos
1982 1635 2127 1678 cum
2170 1615 2583 1680 excusatione
2620 1615 2697 1676 fit
2732 1613 2989 1678 Aeneae
3044 1639 3209 1680 00111-

649 1725 1062 1806 memorati03
1111 1723 1268 1788 dicit
1311 1723 1478 1788 enim
1515 1743 1586 1784 80
1623 1721 1758 1784 01118
1803 1721 2189 1786 infelicitate
2224 1725 2643 1786 commotam:
2692 1725 2761 1784 ut
2798 1721 2959 1786 illud
2988 1743 3211 1788 causas
3250 1735 3319 1780 10

643 1827 888 1908 habeat,
943 1829 1050 1894 hoc
1095 1831 1486 1894 miseratione
1529 1829 1836 1892 consistat.

831 1935 978 1998 381.
1053 1939 1232 2016 ΝνΝσ]
1281 1937 1350 2000 id
1383 1941 1472 2000 cst
1515 1935 1704 1998 ‘nunc
1737 1933 1920 1998 vcro'.
1990 1941 2053 1998 et
2082 1935 2533 2016 subdi-simque:
2578 1957 2743 2000 nime
2782 1941 3001 2020 autem,
3042 1935 3211 2002 Iovis

645 2043 922 2126 imperio,
1101 2059 1288 2108 IOVIS
1347 2059 1634 2106 IMPERIO
1693 2063 1770 2106 ne
1827 2043 2157 2106 videretur
2212 2043 2557 2126 inpudenS,
2620 2043 2679 2106 81
2740 2045 2955 2108 aliena
3008 2065 3211 2128 regna

645 2149 1038 2232 deposceret.
1113 2153 1182 2214 et
1223 2149 1348 2214 hoc
1393 2151 1674 2214 latenter
1719 2147 1928 2214 dicere
1974 2149 2253 2214 videtur:
2304 2151 2449 2214 fave
2482 2151 2635 2214 huic
2676 2151 2779 2214 cui
2818 2151 3011 2216 etiam
3052 2149 3209 2236 Jup-

645 2257 816 2338 piter
859 2257 1054 2322 favet.
3154 2305 3159 2308 ·
3250 2269 3317 2316 15

827 2365 976 2430 382.
1047 2383 1288 2430 EADEM
1337 2387 1498 2448 quae
1537 2367 1692 2428 tunc
1729 2365 1975 2428 scilicet
2014 2363 2191 2448 silui,
2234 2375 2391 2446 quae
2428 2363 2587 2428 nihil
2618 2365 2799 2446 petii.
2944 2389 3217 2430 SANCTVM

651 2497 796 2534 mm
837 2481 1048 2536 NVMEN
1089 2473 1142 2536 si
1193 2467 1534 2536 ‘sanctum’
1581 2469 1942 2552 simpliciter
1984 2471 2353 2552 accipiatur,
2404 2471 2523 2534 leve
2566 2475 2667 2532 est.
2752 2469 3025 2534 ‘namen'
3072 2491 3209 2554 cryc

653 2573 978 2640 ‘sanctum'
1025 2583 1098 2642 ut
1143 2577 1320 2660 ‘leyes
1359 2573 1626 2642 sanctas'
1679 2577 1967 2654 dicimus,
2014 2577 2085 2640 id
2124 2579 2215 2640 cst
2254 2577 2473 2658 firmas
2482 2625 2499 2658 ,
2550 2597 2589 2640 a
2634 2577 2975 2640 saiiciaida

827 2685 974 2748 383.
1049 2703 1238 2748 ARMA
1285 2701 1476 2750 ROGO
1531 2683 1634 2748 hic
1695 2683 2247 2766 distinguendum,
2306 2687 2379 2748 ut
2428 2683 2529 2748 cui
2576 2685 2785 2768 petat,
2836 2705 2971 2748 non
3022 2685 3207 2766 dicat,

649 2789 760 2854 sed
809 2789 1134 2874 relinquat
1183 2791 1502 2876 intellegi,
1551 2811 1624 2854 ne
1665 2793 1836 2870 foede
1879 2793 2053 2872 apud
2084 2791 2383 2854 maritum
2422 2795 2477 2854 et
2512 2801 2785 2856 amorem
2820 2811 3001 2856 suum
3050 2793 3209 2856 circa
3246 2803 3315 2850 20

645 2897 962 2964 Anchisen
995 2901 1284 2962 memoret
1319 2901 1374 2962 et
1407 2901 1748 2980 susceptam
1787 2899 1856 2962 de
1893 2897 2195 2962 adulterio
2236 2897 2459 2978 filium.
2608 2913 2963 2962 GENETRIX
3002 2915 3207 2964 NATo.

647 3023 738 3068 ΤΕ
787 3021 980 3068 FILIA
1027 3021 1196 3068 NERI
1237 3003 1348 3068 hoc
1391 3011 1502 3084 est,
1561 3003 1712 3068 soles
1767 3003 1878 3068 hoc
1923 3009 2241 3086 praestare
2288 3003 2603 3068 matribus.
2690 3009 2753 3066 ct
2796 3005 2945 3070 dicit
2986 3003 3205 3068 Theti-

645 3111 820 3194 dem,
865 3135 1030 3196 quae
1071 3111 1312 3174 Achilli
1347 3133 1530 3176 arma
1565 3111 1938 3196 inpetravit.
2014 3115 2077 3174 et
2122 3111 2313 3174 bonis
2360 3111 2567 3178 utitur
2614 3103 3207 3194 comparationibus

649 3219 918 3282 dicendo
969 3219 1134 3282 ‘filia
1181 3219 1244 3286 N
1247 3219 1392 3304 eri',
1455 3241 1596 3284 cum
1645 3219 1790 3302 ipsa
1833 3217 2011 3282 Iovis
2062 3219 2149 3282 sit
2194 3219 2353 3300 filia,
2404 3217 2563 3282 item
2608 3217 2805 3282 tuxor
2848 3217 3209 3302 Tithonia'‚

647 3347 794 3390 cum
845 3327 930 3390 sit
973 3327 1116 3410 ipsa
1155 3327 1454 3390 Vulcani.
1531 3323 1748 3390 ‘Neri'
1803 3329 2019 3390 autem
2068 3345 2185 3408 pro
2224 3321 2513 3390 ‘Nm-ef:
2562 3325 2783 3388 omnia
2824 3325 2997 3388 enim
3046 3347 3207 3408 quae
3246 3339 3313 3384 25

645 3435 716 3498 in
771 3429 952 3498 ‘eus'
1007 3437 1242 3498 exeunt
1305 3435 1492 3498 hodie
1557 3431 1726 3516 apud
1789 3431 2065 3496 maiores
2124 3431 2197 3494 in
2254 3429 2385 3494 ees'
2446 3431 2733 3516 exibant,
2800 3433 2871 3494 ut
2928 3429 3205 3496 ‘Nereus

645 3539 876 3624 Neres,
927 3541 1182 3624 Tydeus
1227 3539 1494 3624 Tydes-⁹,
1553 3543 1616 3602 et
1673 3539 2045 3624 genetivum
2090 3537 2161 3602 in
2208 3537 2325 3602 ‘is'
2374 3537 2751 3622 mittebant,
2802 3537 3035 3624 ‘Tydis
3078 3537 3205 3604 Ne-

645 3645 788 3710 ris’.
879 3647 988 3710 sed
1039 3647 1194 3732 quia
1245 3647 1626 3730 plerumque
1677 3645 1770 3708 ‘s'
1819 3667 2015 3726 supra
2068 3645 2137 3708 in
2186 3645 2515 3708 latinitate
2560 3645 2947 3732 detrahitur,
3004 3669 3205 3712 rema-

795 3845 824 3892 1
871 3837 1116 3894 exerceri
1159 3839 1468 3894 Masvicius
1511 3837 1532 3906 11
1583 3841 1616 3888 4
1669 3837 1764 3888 sed
1803 3837 1910 3890 hoc
1947 3837 2101 3890 velat
2140 3881 2153 3894 .
2186 3879 2197 3890 .
2228 3879 2239 3890 .
2282 3853 2645 3908 personarum
2682 3839 2907 3906 scripsi:
2954 3839 3053 3892 sed
3098 3839 3207 3894 hoc

651 3911 744 3964 uel
783 3909 854 3964 ad
891 3909 1126 3964 aliarum
1167 3907 1694 3964 commemoratione
1727 3923 2095 3976 personarum
2118 3909 2269 3974 LH,
2308 3911 2653 3964 consentiant
2686 3909 2887 3978 reliqui
2926 3909 3057 3964 libri
3082 3909 3205 3964 Sei·-

645 3983 830 4048 viani,
871 3981 990 4036 ‘nisi
1029 3981 1176 4050 quod
1209 3981 1284 4034 ad
1321 3999 1422 4036 om.
1459 3979 1572 4032 AS
1581 3979 1658 4032 M
1703 3979 1796 4032 vel
1839 3995 1940 4032 om.
1978 3977 2051 4032 R.
2108 3981 2205 4034 sed
2254 3981 2359 4036 hoc
2398 3979 2685 4034 honestius
2722 3981 2817 4032 uel
2854 3981 2929 4034 ad.
2962 3979 3229 4034 aliarum.

651 4053 1178 4110 commemoratione
1221 4069 1584 4122 personarum
1623 4047 1792 4104 aduci
1835 4049 2077 4118 (traduci
2116 4051 2189 4120 G)
2232 4053 2425 4120 potest
2460 4049 2535 4106 F.
2606 4051 2827 4104 traduci
2864 4053 3053 4120 potest
3080 4059 3205 4120 post

649 4139 1012 4194 personarum
1053 4125 1110 4176 in
1149 4141 1320 4194 wiary.
1359 4125 1486 4178 add.
1527 4139 1580 4176 m
1623 4121 1642 4190 11
1697 4125 1726 4174 ὅ
1769 4123 1826 4176 et
1861 4137 1963 4176 om.
2008 4121 2061 4176 G
2104 4125 2123 4190 11
2180 4127 2209 4176 6
2248 4119 2645 4190 pulcritudinis
2684 4121 2733 4176 G
2782 4125 2799 4194 11
2852 4125 3119 4192 admonet
3158 4123 3205 4176 G

651 4197 980 4250 admoneret
1009 4193 1074 4248 F
1091 4197 1110 4264 11
1141 4201 1170 4248 7
1201 4195 1334 4266 vici]
1375 4195 1428 4248 ci
1455 4195 1506 4248 G
1535 4195 1554 4264 11
1581 4199 1610 4246 9
1653 4195 1780 4262 post
1815 4199 1940 4248 ante
1972 4191 2185 4248 Priami
2218 4209 2321 4248 om.
2346 4191 2473 4248 LH
2510 4195 2661 4260 (add.
2690 4195 2729 4262 Z)
2760 4197 2779 4264 11
2808 4199 2873 4246 12
2914 4197 2985 4248 ad
3024 4213 3067 4248 v.
3100 4201 3201 4248 381

649 4269 792 4320 haec
829 4285 942 4320 non
967 4267 1194 4320 tantum
1217 4265 1332 4320 uim
1361 4265 1602 4336 rogandi
1637 4263 1850 4318 habent
1879 4263 1975 4320 sed
2008 4265 2179 4320 etiam
2204 4263 2549 4334 impetrandi
2580 4281 2743 4320 uerso
2782 4269 2971 4320 tamen
3014 4267 3205 4320 ordine

651 4339 786 4406 quia
829 4339 1008 4408 primo
1057 4355 1212 4392 arma
1257 4335 1408 4406 petit
1445 4335 1646 4392 deinde
1683 4335 1916 4388 adiuuat
1949 4337 2207 4406 exemplo
2244 4335 2479 4390 dicendo
2520 4335 2637 4390 filia
2672 4335 2825 4390 nerei
2862 4339 2923 4392 et
2954 4341 3063 4406 riq.
3106 4339 3157 4390 Τ
3190 4337 3203 4408 11

649 4429 794 4464 10v1s
831 4429 1048 4464 nummo
1083 4407 1140 4462 id
1183 4411 1266 4464 est
1305 4453 1316 4464 .
1347 4451 1358 4464 .
1395 4453 1406 4464 .
1443 4407 1682 4476 imperio
1717 4423 1790 4458 ne
1823 4407 2111 4464 uideretur
2150 4425 2191 4464 c.
2218 4425 2271 4476 q,
2300 4425 2339 4462 s.
2370 4407 2433 4462 F
2452 4409 2471 4478 11
2502 4411 2559 4464 et
2594 4425 2693 4462 om.
2724 4407 2779 4462 G
2806 4409 2823 4476 ΙΙ
2854 4413 2921 4462 14
2956 4409 3201 4478 videtur]

651 4481 936 4536 uideretur
969 4481 1022 4536 L
1049 4481 1070 4550 11
1097 4485 1164 4534 16
1203 4497 1344 4548 quae
1381 4497 1480 4536 om.
1515 4479 1588 4532 M
1605 4481 1626 4546 11
1657 4475 1872 4556 scilicet
1907 4481 2041 4534 tunc
2074 4479 2129 4532 L
2154 4481 2173 4550 11
2200 4479 2321 4548 peti
2358 4479 2421 4532 F
2440 4481 2459 4550 11
2486 4481 2563 4536 ad
2598 4497 2839 4534 sacrvm
2878 4497 2931 4532 M.
2964 4499 3017 4532 N.
3054 4497 3205 4548 supr.

651 4569 786 4608 vere.
829 4553 874 4606 si
911 4555 1170 4620 ⁴sanctum
1207 4551 1540 4620 simpliciter
1567 4551 1908 4618 accipiamus
1945 4551 2071 4606 leue
2100 4551 2203 4604 est.
2264 4567 2395 4620 ergo
2428 4551 2681 4606 sanctum
2706 4555 2775 4602 ut
2800 4551 2953 4616 leges
2984 4553 3205 4604 sanctas

651 4623 712 4674 id
747 4627 836 4678 est
867 4623 1060 4678 firmas
1095 4621 1334 4678 dicimus
1371 4641 1410 4678 a
1447 4619 1758 4678 sancienda
1813 4635 1944 4688 ergo
1974 4623 2231 4676 sanctum
2272 4623 2547 4676 sancitum
2580 4619 2849 4688 intellege
2884 4619 2933 4672 T
2954 4621 2975 4688 11
3010 4629 3069 4674 19
3108 4639 3205 4692 pe-

651 4695 726 4746 tit
759 4695 960 4750 ΑΒΜ
991 4697 1008 4766 11
1055 4701 1120 4748 22
1163 4713 1320 4748 unam
1355 4693 1550 4748 ΑΒΕ
1579 4695 1598 4762 11
1641 4691 1714 4746 ad
1749 4709 1812 4744 're
1845 4709 1898 4744 F.
1935 4711 1983 4746 N.
2026 4711 2175 4764 supr.
2212 4709 2343 4746 vers,
2386 4691 2559 4746 etiam
2590 4691 2701 4744 hoc
2740 4689 2887 4744 soles
2920 4695 3205 4760 praestare

651 4767 928 4818 matribus
965 4767 1178 4836 quanto
1215 4763 1398 4836 magis
1435 4763 1574 4818 mihi
1615 4761 1668 4814 T
1703 4763 1722 4830 11
1769 4761 1940 4814 thetis
1978 4765 2113 4818 libri
2150 4765 2431 4830 Serviani,
2466 4763 2585 4816 filia.
2620 4761 2779 4814 nerei
2812 4763 2939 4818 add.
2976 4763 3155 4818 ΑΒΜ
3188 4763 3205 4834 11

653 4841 722 4888 24
759 4839 916 4890 nerei
949 4837 1142 4892 ARF
1167 4838 1184 4909 11
1209 4837 1456 4892 thitonia
1489 4833 1754 4890 ALHF
1777 4833 1890 4902 1125
1927 4837 2083 4890 1101·οἱ
2118 4837 2181 4890 F
2200 4838 2221 4906 11
2250 4841 2317 4890 26
2356 4835 2473 4888 01118
2512 4833 2623 4886 AS
2662 4833 2779 4902 (eus
2814 4835 2905 4902 as)
2932 4836 2951 4907 11
2980 4835 3205 4890 exibant

651 4905 738 4974 ut]
785 4907 1078 4962 exiliantur
1111 4909 1176 4962 F
1195 4911 1214 4976 11
1243 4909 1504 4962 exiebant
1539 4905 1680 4960 LM
1701 4905 1720 4974 11
1757 4909 1824 4958 27
1863 4903 2087 4970 Tydeus
2128 4951 2139 4962 .
2172 4949 2183 4962 .
2216 4947 2227 4960 .
2268 4905 2431 4960 Neris
2468 4919 2569 4958 om.
2600 4903 2733 4956 ,ΒΗ
2758 4905 2905 4974 (add.
2936 4907 2973 4974 l)
3006 4905 3097 4978 1118
3124 4905 3203 4958 R:

655 4977 732 5030 eis
765 4977 872 5030 AS
883 4979 956 5032 M
963 4979 1024 5032 F
1073 4979 1124 5034 ei
1165 4983 1224 5050 ῑ11
1253 4979 1462 5034 thideis
1501 4977 1684 5030 nereis
1719 4973 1830 5028 AS
1883 4975 2087 5030 tidaeis
2122 4977 2307 5032 nereis
2334 4975 2395 5028 R
2446 4975 2631 5046 tydeis
2668 4975 2849 5032 nereis
2884 4977 2953 5030 M
2962 4979 2983 5030 l
3038 4977 3205 5032 tideis

651 5049 830 5102 nereis
871 5047 936 5100 F
963 5051 980 5118 11
1031 5049 1098 5100 ‘s'
1143 5067 1404 5118 suprema
1439 5047 1510 5102 F.
1543 5047 1836 5100 Schoellius

757 5145 906 5188 Servii
933 5157 1092 5186 comm.
1117 5145 1220 5186 Vol.
1247 5147 1314 5184 11.
1341 5147 1472 5186 Fasc.
1499 5145 1540 5184 Ι.
2710 5141 2779 5192 17
