3900 5784
741 615 832 678 52
1607 631 1614 638 ·
1897 613 2139 670 SERVII

737 783 828 842 est
859 777 1060 840 crines
1095 795 1236 840 suos
1261 773 1588 864 Minervae
1621 779 1864 860 capillis
1899 777 2249 858 praeferre:
2298 797 2423 858 qua
2454 799 2527 840 re
2562 777 2887 860 indiynata
2926 779 3055 858 dea,
3100 781 3301 846 crines

737 885 866 948 eius
911 883 982 946 in
1017 877 1326 964 ‘serpentes
1367 885 1548 950 vertit
1581 907 1830 966 eamque
1863 885 2065 950 eoecidi
2098 903 2141 946 a
2172 881 2391 948 Perseo
2434 885 2579 966 fecit
2622 873 2975 948 luminibus
2998 885 3295 966 orbatam,

731 989 990 1072 fecitque
1025 993 1098 1052 ut
1129 989 1410 1070 quisquis
1445 997 1626 1076 caput
1663 973 1796 1056 eius
1829 993 2079 1056 vidisset
2108 995 2439 1056 verteretur
2478 993 2551 1056 in
2584 1011 2825 1058 saxum.
2884 993 2989 1056 sed
3018 991 3295 1076 Persem,

735 1097 906 1160 Iovis
955 1101 1008 1158 et
1053 1095 1318 1160 Danaes
1365 1099 1568 1182 filius,
1621 1119 1760 1162 cum
1809 1099 2071 1182 adeam
2116 1099 2503 1162 occidendam
2560 1101 2813 1182 volaret,
2856 1119 3017 1182 prae
3058 1119 3121 1162 se
3166 1119 3295 1164 scu·

663 1219 698 1266 5
735 1209 864 1266 tum
901 1203 1110 1280 ferens
1155 1205 1380 1286 speculi
1429 1205 1688 1270 candore
1719 1203 2133 1286 perlucidum,
2182 1205 2339 1268 sicut
2368 1203 2665 1268 Minerva
2700 1209 3177 1290 monstraverat,
3220 1207 3295 1270 in

729 1311 956 1374 umbra
995 1311 1128 1374 eius
1175 1311 1332 1374 vidit
1377 1317 1566 1394 caput
1597 1311 1922 1396 Geryonae
1964 1317 2023 1376 et
2062 1311 2155 1376 ita
2200 1331 2447 1376 aversus
2490 1313 2775 1376 accedens
2820 1313 2889 1376 id
2930 1313 3289 1394 amputavit.

729 1419 894 1498 quod
939 1439 1078 1482 eum
1119 1421 1208 1482 ad
1247 1419 1608 1500 Polydecten
1653 1441 1848 1502 reyem
1879 1419 2237 1502 pertuli-sset
2282 1419 2451 1500 isque
2492 1423 2741 1500 necaret
2786 1419 2851 1482 id
2896 1419 3029 1482 eius
3070 1419 3291 1482 virtute

729 1527 1090 1608 confectum,
1151 1527 1544 1608 conspicuum
1601 1527 1674 1590 id
1721 1529 1850 1608 reyi
1909 1527 2087 1608 fecit:
2154 1525 2329 1590 cuius
2388 1529 2701 1608 conspectu
2762 1515 2865 1592 ille
2930 1527 2999 1590 in
3058 1545 3287 1590 saxum

627 1645 632 1650 ’
725 1639 998 1698 mutatus
1035 1641 1146 1710 est,
1185 1633 1346 1714 quod
1377 1633 1450 1694 in
1473 1629 1732 1714 Seripho
1747 1647 1750 1650 ’
1767 1635 1979 1698 insula
2014 1635 2303 1716 hodieque
2336 1633 2691 1698 ostenditur.
2748 1629 3025 1698 Serenus
3064 1635 3283 1696 tamen

621 1753 690 1800 10
729 1739 880 1804 dicit
927 1733 1122 1824 poeta
1175 1737 1494 1822 Geryonae
1543 1739 1790 1822 puellas
1835 1739 2039 1806 fuisse
2086 1741 2275 1804 unius
2332 1739 2863 1824 pulchritudiniS,
2930 1761 3085 1824 quas
3136 1761 3283 1804 eum

727 1847 1040 1918 vidissent
1101 1845 1540 1910 adulescentes
1551 1897 1570 1928 ‚
1617 1851 1894 1928 stupore
1958 1845 2335 1932 torpebant:
2398 1847 2567 1912 unde
2632 1847 2953 1932 fingitur‚·
2992 1847 3163 1932 quod
3222 1849 3277 1910 si

725 1953 866 2038 quis
913 1975 1020 2016 eas
1071 1951 1366 2036 vidisset,
1413 1953 1790 2016 vertebatur
1837 1953 1904 2016 in
1954 1953 2251 2034 lapidem.
2326 1973 2471 2016 sane
2518 1953 2773 2034 quidam
2818 1955 3033 2020 dicunt
3070 1975 3283 2018 versus

655 2081 660 2084 ·
723 2059 876 2124 alios
919 2059 1026 2124 hos
1065 2079 1106 2124 a
1129 2065 1318 2142 poeta
1353 2059 1464 2124 hoc
1497 2061 1622 2124 loco
1661 2049 1924 2138 relict08‚
1968 2061 2079 2142 qui
2104 2061 2185 2124 ab
2210 2061 2341 2124 eius
2366 2061 2851 2126 emendatoribus
2884 2061 3115 2126 sublati
3152 2063 3285 2126 sint

1147 2165 1458 2250 Geryonis
1497 2169 1570 2232 in
1611 2169 1810 2232 medio
1843 2173 2199 2250 portentum
2242 2169 2491 2232 inmane
2544 2169 2851 2248 Medusae,

615 2275 680 2334 1'5
1143 2277 1420 2356 vipereae
1463 2277 1692 2340 circum
1735 2295 1848 2340 ora
1889 2295 2119 2354 comae,
2170 2277 2269 2340 cui
2314 2277 2495 2340 sibila
2542 2281 2823 2358 torquent

1141 2381 1522 2462 infamesque
1565 2383 1766 2462 riyent
1811 2383 1993 2460 oculi,
2044 2387 2353 2462 mentoque
2398 2381 2507 2446 sub
2554 2383 2679 2446 imo

1139 2489 1486 2568 serpentum
1531 2475 1820 2552 edtremis
1859 2487 2177 2554 nodantur
2218 2487 2469 2552 vincula
2512 2489 2743 2554 caudis.

715 2611 1208 2670 HARPYIAEQVE
1263 2597 1378 2658 aut
1437 2595 1566 2658 iarn
1617 2599 1908 2660 mortuas
1966 2595 2303 2680 intellege,
2360 2599 2473 2658 aut
2530 2593 2875 2660 seeundum
2930 2593 3269 2660 Platonem

715 2705 776 2764 et
845 2701 1002 2766 alios
1071 2701 1446 2784 simulacra,
1477 2703 1656 2766 -lieet
1729 2703 2053 2786 vivarum,
2120 2701 2257 2764 illie
2322 2701 2553 2766 fuisse:
2622 2723 2777 2766 nam
2842 2701 3065 2784 dieunt
3124 2725 3267 2766 esse

607 2817 672 2866 20
715 2809 1000 2874 omnium
1047 2829 1260 2872 rerum
1309 2807 1486 2872 ideas
1533 2809 1874 2892 quasdam,
1933 2809 1995 2870 id
2046 2811 2143 2872 est
2190 2807 2535 2892 imagines,
2588 2809 2665 2872 ad
2718 2829 2989 2892 quarum
3040 2809 3265 2874 simili·
3360 2793 3365 2796 ¹

711 2915 1000 2980 tudinem
1047 2917 1474 2998 procreantur
1517 2901 1836 2980 universa.
1907 2913 2061 2978 hine
2106 2917 2209 2978 est
2250 2913 2423 2998 quod
2466 2915 2537 2978 in
2576 2913 2789 2980 Statio
2830 2899 3263 3000 Amphiaraus

709 3021 976 3084 Plutoni
1019 3021 1178 3084 dicit
1227 3021 1582 3086 omnibus
1623 3021 1900 3086 finitor
1958 3045 2209 3086 rerum
2262 3043 2431 3088 esse
2476 3021 2795 3106 videris,
2846 3021 3037 3110 mihi
3082 3043 3259 3086 vero

709 3131 778 3192 et
843 3132 1068 3193 sator.
1159 3129 1390 3194 harum
1441 3133 1654 3192 autem
1713 3129 2059 3192 simulacra
2110 3129 2275 3192 bene
2334 3129 2499 3212 apud
2556 3129 2801 3192 inferos
2856 3131 3037 3212 sunt,
3092 3151 3255 3210 quae

707 3257 848 3300 esse
891 3235 1194 3300 dicuntur
1241 3239 1306 3300 et
1353 3237 1572 3300 furiae.
1751 3225 2217 3300 'rnioossroals
2260 3253 2549 3300 VMBRAE
2588 3235 2773 3318 Eryli
2814 3237 2875 3298 et
2920 3233 3257 3318 Geryonis.

729 3389 792 3464 θ’
845 3435 908 3498 21
951 3429 1006 3482 in
1049 3427 1258 3500 statio]
1299 3429 1478 3504 Theb.
1509 3427 1644 3484 VIII
1681 3435 1746 3484 91

763 3659 774 3672 ι
851 3565 876 3644 1
915 3591 1098 3642 crines
1129 3587 1254 3670 ,eius
1291 3589 1366 3646 in,
1387 3591 1688 3670 serpentes·
1709 3587 1880 3654 uertit
1919 3587 1975 3642 -T
2004 3591 2097 3656 (ef.
2134 3605 2319 3672 comm.
2356 3589 2491 3642 Luc.
2532 3587 2609 3642 IX
2632 3595 2747 3670 ,626
2784 3607 2841 3670 p.
2876 3595 2997 3654 306,
3030 3593 3097 3642 24
3138 3587 3249 3658 V.):

601 3761 614 3778 ,
699 3677 888 3780 ΨΠθῖ
915 3675 1184 3800 ῗέφᾜείἶῗ
1203 3661 1534 3798 ἒῗξξζῗθῗ
1545 3657 2111 3800 Ἓῖἓέφῗὲθῃὲἑέἓῗῖῐ
2138 3657 3253 3801 stiffffaffffzssa&afflagitata

699 3749 736 3854 Ξ
765 3747 980 3870 Regma]
1015 3799 1200 3854 fei-eos
1239 3801 1288 3854 G
1317 3803 1338 3872 ΙΙ
1371 3771 1666 3856 candorem
1707 3799 1764 3852 F
1789 3801 1808 3870 ΙΙ
1845 3797 2015 3870 sieut]
2056 3801 2131 3854 sio
2172 3801 2225 3854 G
2306 3801 2453 3854 sieut
2486 3843 2497 3852 .
2532 3843 2545 3854 .
2578 3827 2595 3856 .·
2626 3799 3063 3868 monstraverat]
3100 3789 3249 3866 quod

697 3871 750 3926 ei
785 3873 1038 3926 minema
1077 3871 1308 3926 dederat
1351 3873 1398 3954 21
1433 3873 1454 3942 ΙΙ
1497 3877 1528 3924 6
1571 3873 1750 3942 oapud
1785 3871 1850 3924 F
1869 3873 1888 3942 ΙΙ
1923 3887 2175 3942 gorgone
2278 3871 2395 3926 GT
2430 3873 2449 3942 ΙΙ
2482 3889 2713 3926 auersus
2742 3871 2819 3924 Tz
2854 3887 3049 3924 uersus
3076 3869 3197 3924 FG
3232 3869 3249 3942 Η

1353 3945 1430 3984 dio

699 4003 730 4050 7
769 3997 1098 4064 polydioten
1133 3995 1196 4050 F
1245 3995 1520 4070 polijlsten
1559 3999 1612 4052 G
1663 3995 1993 4066 polydotem
2034 3995 2109 4062 T,
2154 3997 2389 4050 correxit
2428 3997 2733 4052 Massicius
2778 3997 2799 4066 ΙΙ
2842 3995 3041 4064 hisque
3076 3995 3137 4050 F
3144 3995 3197 4050 G
3232 3995 3247 4064 Η

697 4075 732 4122 8
767 4065 1110 4140 confectum]
1145 4085 1260 4122 non
1295 4069 1506 4122 factum
1543 4069 1592 4122 T
1615 4071 1632 4140 ΙΙ
1659 4067 2019 4136 conspicuum
2054 4109 2065 4122 .
2098 4111 2107 4122 .
2140 4109 2151 4122 .
2188 4067 2519 4138 ostenditur]
2562 4067 2619 4122 id
2656 4065 2779 4138 regi
2818 4063 3063 4122 ostendit
3098 4065 3245 4134 quod

691 4139 752 4192 in
789 4137 954 4192 serifo
993 4137 1178 4194 insula
1213 4137 1492 4206 hodieque
1529 4135 1870 4194 monstratur
1909 4137 1963 4190 T
1996 4141 2011 4208 ΙΙ
2060 4139 2175 4192 ficit
2214 4137 2263 4194 G
2300 4139 2319 4208 ΙΙ
2362 4139 2515 4194 euius
2558 4141 2749 4208 speetu
2788 4137 2839 4192 G
2872 4139 2893 4207 ΙΙ
2940 4145 2971 4192 9
3010 4135 3247 4190 Serenus

689 4209 882 4262 tamen
921 4251 930 4260 .
967 4251 978 4262 .
1011 4251 1022 4262 .
1057 4211 1386 4266 ‘vertebatur
1429 4209 1490 4264 in
1533 4209 1780 4278 lapidem
1819 4225 1914 4264 om.
1964 4209 2011 4260 Τ
2050 4209 2069 4278 ΙΙ
2116 4215 2183 4262 10
2220 4211 2385 4278 poeta
2424 4209 2565 4264 dicit
2598 4209 2651 4264 A
2668 4209 2741 4262 M
2788 4209 3151 4276 (transposuit
3188 4227 3223 4262 a

689 4281 864 4346 poeta
897 4279 998 4332 om}
1027 4279 1440 4402 H‘ssgorganas
1483 4281 1530 4334 G
1557 4283 1578 4350 ΙΙ
1621 4287 1682 4334 11
1723 4279 1912 4350 figitur
1952 4281 2001 4332 A
2040 4285 2201 4344 (corr.
2230 4281 2285 4346 a)
2340 4281 2581 4350 fingetur
2616 4279 2669 4332 G
2696 4282 2713 4351 11
2756 4285 2823 4332 13
2860 4279 2963 4332 hos
2998 4293 3097 4332 om.
3142 4279 3197 4332 T
3238 4277 3243 4348 ξ

693 4355 760 4402 14
795 4365 1074 4418 gorgones
1171 4351 1284 4404 GT
1311 4353 1332 4422 ΙΙ
1363 4355 1426 4404 15
1467 4353 1726 4420 uipereae
1757 4351 1834 4404 T:
1869 4347 2065 4418 uipera
2104 4351 2171 4404 δέ
2212 4347 2271 4402 F
2322 4349 2515 4418 uipera
2548 4351 2599 4404 G
2622 4353 2641 4420 ΙΙ
2668 4349 2811 4404 hora
2842 4349 2893 4404 G
2922 4353 2941 4422 ΙΙ
2968 4349 3133 4404 sibila
3168 4351 3241 4404 T:

687 4419 892 4488 sibylla
917 4419 982 4472 F
1029 4419 1236 4488 sybilla
1263 4423 1314 4476 G
1341 4423 1362 4492 ΙΙ
1389 4427 1458 4474 16
1495 4421 1848 4488 infamaeque
1879 4419 1932 4474 T
1960 4423 1975 4492 ΙΙ
2002 4423 2299 4490 mentoque
2338 4437 2401 4476 ex
2432 4423 2737 4492 meritoque
2776 4425 2861 4492 (ut
2896 4421 3131 4490 videtur)
3172 4421 3239 4472 T:

683 4491 1002 4560 meritoque
1029 4491 1148 4546 FG
1175 4493 1194 4562 ΙΙ
1227 4497 1288 4546 18
1329 4511 1698 4554 mmmmm
1735 4493 1836 4548 aut
1869 4491 1985 4546 iam
2020 4495 2269 4548 mortuas
2304 4533 2317 4544 .
2348 4533 2359 4544 .
2390 4535 2401 4548 .
2434 4497 2497 4546 ut
2532 4493 2771 4548 diximus
2814 4491 2969 4548 ducit
3004 4507 3103 4546 om.
3136 4491 3193 4544 G
3220 4491 3239 4562 Π

681 4581 996 4626 ARPYAEQVE
1029 4563 1164 4618 RH
1211 4581 1518 4626 mensave
1559 4563 1664 4618 AS
1719 4563 2049 4626 aprunam
2088 4563 2381 4634 arpiasque
2422 4563 2497 4618 M
2518 4565 2545 4648 Ι[
2578 4563 2787 4620 ut⁴iam
2826 4563 2879 4618 R
2906 4567 2927 4636 ΙΙ
2962 4563 3235 4632 mortuas]

613 4701 620 4708 ἡ
683 4635 894 4688 occisas
927 4635 1002 4688 M
1023 4637 1042 4706 ΙΙ
1069 4635 1452 4704 intellegimus
1481 4635 1540 4688 F
1563 4635 1584 4706 ΙΙ
1611 4635 1896 4704 platimem
1931 4635 1999 4688 H
2018 4637 2035 4706 ΙΙ
2068 4641 2131 4690 19
2170 4635 2365 4704 fuisse]
2396 4653 2643 4692 ominum
2674 4653 2859 4692 rerum
2884 4637 3013 4690 add.
3040 4633 3151 4686 AS
3166 4635 3241 4686 M

681 4701 700 4776 ΙΙ
741 4711 804 4758 20
843 4703 1034 4762 idaeas
1075 4707 1288 4762 ΕΜΓ
1321 4709 1340 4780 ΙΙ
1385 4713 1450 4760 21
1491 4707 1640 4776 quod
1675 4705 1738 4758 in
1771 4707 1957 4762 Statio
1996 4745 2007 4758 .
2038 4751 2049 4762 .
2086 4749 2097 4762 .
2132 4707 2337 4762 harum
2372 4721 2473 4762 om.
2508 4709 2581 4762 H
2608 4711 2625 4780 ΙΙ
2666 4705 2725 4760 in
2760 4723 2861 4762 om.
2902 4707 2967 4758 F
2994 4707 3013 4774 ss
3054 4703 3233 4758 stadio

677 4777 738 4830 R
765 4777 786 4846 ΙΙ
813 4777 1092 4832 anfloraus
1119 4777 1180 4830 F
1233 4779 1422 4848 damas
1455 4777 1510 4834 R
1565 4777 1880 4832 thiodamas
1911 4779 2021 4834 AS
2070 4821 2081 4832 .
2098 4779 2317 4836 ‚damas
2356 4779 2435 4830 M
2466 4779 2725 4848 (duarum
2760 4779 3073 4830 litterarum
3106 4791 3229 4842 spa-

679 4849 760 4902 tio
793 4847 1020 4918 relicto).
1085 4851 1238 4906 haud
1271 4849 1394 4906 scio
1419 4869 1498 4904 an
1531 4849 1754 4904 Servius
1789 4849 2131 4904 Thiodamas
2164 4849 2471 4916 scripserit,
2504 4857 2573 4906 ut
2606 4851 2675 4906 ab
2714 4863 2771 4902 eo
2810 4849 2905 4918 qui
2932 4847 3233 4918 pleniorem

679 4921 1122 4974 commentarium
1155 4923 1458 4992 composuit
1493 4923 1668 4992 ipsius
1705 4923 2051 4990 grammatici
2078 4937 2229 4976 error
2252 4921 2501 4976 sublatus
2526 4925 2615 4980 sit.
2640 4923 2663 5004 fl
2692 4925 2757 4976 22
2798 4917 3003 4988 rerum]
3046 4933 3137 4972 ore
3176 4917 3231 4970 R

677 4989 696 5040 ἶῑ
735 5007 854 5044 esse
889 5005 990 5044 om.
1021 4991 1074 5044 A
1103 4993 1216 5062 1123
1255 4991 1420 5062 quae]
1461 4995 1594 5064 quia
1623 4991 1682 5046 F
1707 4995 1724 5064 ΙΙ
1755 4997 1818 5046 24
1859 4995 1999 5070 eryli
2034 4995 2095 5046 et
2126 4991 2325 5046 ASM
2332 4991 2389 5044 F
2444 4993 2581 5062 eryli
2608 4993 2749 5118 ἔιοθίῑ
2786 4989 2843 5042 R
2896 4989 3115 5044 erilicet
3150 4989 3227 5044 Η.

677 5063 750 5128 cf.
785 5061 1074 5116 Ribbeck-iz·
1113 5061 1294 5118 adnot.
1335 5067 1408 5118 ad
1449 5065 1574 5118 VIII
1617 5069 1718 5118 563
1755 5069 1804 5118 et
1843 5063 1989 5118 Serv.
2028 5067 2107 5118 ad
2138 5063 2279 5118 Vm.
2308 5067 2437 5130 564,
2476 5067 2575 5118 ubi
2638 5062 2811 5118 rilum
2848 5061 2979 5118 libri
3004 5065 3229 5128 praeter
