3900 5784
735 639 862 704 192
1879 635 2123 694 SERVII

729 805 948 888 pentes
1001 803 1328 886 angerent.
1403 801 1488 864 ab
1531 801 1636 866 his
1683 823 1854 866 nunc
1889 799 2287 866 Vmbronem
2340 799 2591 864 venisse
2636 799 2819 884 dicit,
2864 821 2993 864 non
3042 821 3277 886 regem,

731 907 838 972 sed
887 907 1132 974 ducem.
1201 911 1356 972 sunt
1399 911 1618 972 autem
1663 907 1776 970 isti
1825 905 2189 972 Marsorum
2236 905 2477 990 populi.

905 1013 1050 1078 751.
1125 1029 1404 1078 mouns
1435 1031 1656 1078 SVPER
1687 1031 1973 1076 GALEAM
1998 1031 2091 1076 ΕΤ
2120 1031 2357 1078 FELICI
2382 1029 2699 1080 conprvs
2732 1031 2945 1080 OLIVA
2982 1017 3273 1096 comptus

731 1121 1066 1186 frondibus
1117 1121 1318 1184 festae
1369 1121 1594 1184 olivae.

657 1241 686 1290 5
907 1229 940 1290 7
949 1227 1052 1292 53.
1129 1245 1428 1292 VIPEREO
1489 1211 1750 1292 esuum
1803 1227 2081 1290 terrenis
2138 1227 2563 1312 serpentibus.
2744 1245 3097 1292 GRAVITER
3142 1243 3275 1292 SPI-

723 1349 1068 1398 RANTIBVS
1109 1351 1366 1400 HYDRIS
1411 1355 1618 1418 aquae
1663 1331 2091 1416 serpentibus,
2164 1331 2513 1418 ‘graviter’
2554 1335 2767 1398 autem
2814 1331 3271 1418 ‘spirantibus'

725 1443 866 1506 solo
909 1439 1292 1506 nocentibus
1341 1441 1522 1504 flatu:
1571 1439 1870 1504 Lucanus
1905 1437 2043 1520 <IX
2088 1439 2255 1522 725>
2306 1443 2481 1504 ante
2524 1461 2821 1504 venena
2864 1461 3169 1504 nocens,

725 1565 1078 1612 SPARGERE
1129 1547 1468 1628 conficere,
1513 1549 1588 1610 ut
1633 1549 1708 1610 et
1753 1567 2117 1632 spargere
2162 1567 2457 1610 venena
2500 1547 2957 1612 didicerunt.

879 1653 1046 1720 755,
1113 1671 1294 1718 ARTE
1323 1671 1642 1718 LEVABAT
1671 1653 1948 1718 leviores
1980 1675 2117 1718 esse
2144 1651 2441 1736 faciebat,
2480 1655 2553 1716 ut
2584 1651 2655 1736 <I
2688 1653 2861 1736 330>
2888 1655 3161 1716 nostru
3180 1673 3275 1716 m-

621 1775 682 1820 10
725 1783 866 1844 que
909 1763 1120 1826 leves
1165 1781 1680 1844 quaecumque
1733 1759 2089 1826 laborem.
2140 1829 2149 1834 ,

901 1867 1044 1930 756.
1121 1885 1456 1934 MEDIOARI
1517 1883 1834 1934 cvsmms
1891 1883 2115 1932 Ic'rvM
2180 1865 2495 1930 ‘medicor
2546 1865 2727 1928 illam
2782 1865 2953 1930 rem'
3014 1871 3083 1930 et
3140 1865 3265 1930 ‘illi

721 1973 812 2036 rei
829 1973 868 2052 ³,
913 1973 1082 2038 sicut
1129 1973 1438 2040 modulor.

905 2081 1048 2144 760.
1123 2097 1396 2156 quvml
1443 2097 1762 2144 FLEVERE
1807 2097 2027 2144 Lons
2078 2081 2273 2144 etiam
2324 2079 2455 2144 alii.

899 2189 1044 2252 761.
1119 2205 1276 2250 IBAT
1323 2205 1408 2250 ET.
1459 2203 1844 2252 HIPPOLYTI
1887 2189 2165 2252 PRoLEs'
2194 2203 2693 2252 PvLoHERmMA
2726 2203 2955 2252 BELLO
2990 2203 3265 2252 VIRBIVS

619 2309 676 2354 15
723 2291 1012 2356 Theseus
1065 2297 1324 2360 mortua
1381 2291 1734 2378 Hippolyte
1777 2291 2171 2376 Phaedram,
2226 2291 2463 2358 Minois
2516 2295 2587 2354 et
2624 2291 2987 2376 Pasiphaae
3044 2292 3265 2376 filiam,

721 2399 1096 2484 superduxit
1131 2399 1510 2482 Hippolyto,
1583 2399 1690 2482 qui
1731 2419 1876 2462 cum
1919 2399 2107 2462 illam
2152 2399 2233 2462 de
2276 2403 2503 2482 stupro
2552 2399 3071 2480 interpellantem
3116 2419 3265 2462 eon-

719 2505 1120 2588 tempsisset,
1175 2503 1342 2568 falso
1399 2503 1648 2568 delatus
1711 2501 1786 2568 ad
1837 2507 2091 2588 patrem
2136 2507 2259 2588 est,
2320 2505 2489 2588 quod
2534 2505 2593 2568 ei
2640 2505 2771 2568 vim
2822 2503 3129 2568 voluisset
3176 2505 3263 2566 in-

717 2609 900 2676 ferre.
995 2609 1106 2676 ille
1149 2609 1440 2696 Aegeum
1487 2615 1740 2694 patrem
1781 2611 2045 2696 rogavit
2090 2615 2163 2674 ut
2212 2633 2275 2674 se
2324 2609 2759 2674 ulcisceretur.
2830 2609 2943 2694 qui
2984 2609 3265 2694 agitanti

717 2739 936 2782 currus
1003 2707 1366 2802 Hippolyto
1425 2717 1678 2780 inmisit
1735 2717 1979 2800 focam,
2036 2739 2165 2800 qua
2228 2717 2375 2800 equi
2436 2717 2647 2782 territi
2708 2739 2851 2780 eum
2912 2719 3263 2780 traxerunt.

611 2839 674 2888 20
715 2827 874 2888 tunc
925 2823 1138 2888 Diana
1203 2825 1340 2888 eius
1401 2825 1704 2890 castitate
1765 2825 2099 2888 commota
2156 2825 2485 2888 revocavit
2550 2847 2697 2888 eum
2754 2825 2825 2886 in
2886 2825 3089 2888 vitam
3148 2845 3295 2908 per-

715 2931 1198 3014 Aesculapium,
1255 2931 1462 2996 filium
1505 2929 1834 3014 Apollinis
1881 2933 1950 2996 e‘t
1994 2929 2363 3012 Coronidis,
2416 2931 2525 3016 qui
2582 2933 2773 2996 natus
2826 2933 2963 2996 erat
3006 2933 3261 2994 exsecto

715 3039 942 3104 matris
985 3033 1206 3104 ventre
1219 3089 1234 3122 ,
1271 3037 1412 3102 ideo
1457 3039 1650 3122 quod,
1693 3059 1836 3102 cum
1869 3037 2111 3122 Apollo
2146 3037 2435 3104 audisset
2474 3061 2509 3102 a
2550 3059 2767 3120 corve,
2810 3037 2945 3100 eius
2982 3035 3263 3118 custode,

715 3169 856 3210 eam
915 3143 1304 3210 adulterium
1365 3145 1794 3230 committere,
1859 3147 2065 3210 iratus
2122 3143 2505 3212 Coronidem
2570 3149 2825 3210 maturo
2882 3145 3011 3208 iam
3074 3147 3261 3228 partu

715 3251 978 3316 confixit
1025 3251 1282 3338 sagittis
1331 3287 1402 3296 --
1451 3273 1712 3316 corvum
1757 3273 1908 3316 vero
1960 3253 2219 3336 nigrum
2258 3251 2417 3316 fecit
2466 3275 2539 3316 ex
2588 3251 2735 3316 albo
2780 3287 2853 3296 —
2898 3255 2965 3314 et
3004 3255 3259 3328 exsecto

611 3377 672 3422 25
715 3363 938 3422 ventre
979 3355 1318 3424 Coronidis
1357 3359 1660 3442 produxit
1699 3359 1790 3422 ita
1827 3359 2315 3444 Aesculapium,
2360 3353 2471 3442 ‹ffui
2512 3359 2727 3422 factus
2774 3359 2873 3422 est
2910 3357 3263 3422 medicinae

715 3465 980 3548 peritus,
1049 3463 1226 3530 hunc
1267 3467 1500 3548 postea
1533 3463 1828 3548 Iuppiter
1871 3467 2135 3548 propter
2182 3467 2555 3528 revocatum
2594 3463 3021 3548 Hippolytum
3070 3467 3261 3528 inter-

715 3563 896 3634 emit:
961 3569 1128 3634 unde
1181 3569 1422 3652 Apollo
1481 3569 1684 3634 iratus
1741 3569 2057 3654 Cyclopas
2112 3563 2539 3636 'fabricatores
2606 3569 2949 3636 fulminum
3000 3569 3265 3650 confixit

715 3677 1000 3760 sagittis:
1047 3677 1132 3740 ob
1179 3699 1372 3760 quam
1407 3699 1554 3740 rem
1597 3701 1630 3740 a
1665 3677 1822 3742 Iove
1867 3677 2081 3740 iussus
2124 3681 2227 3740 est
2264 3677 2525 3742 Admeti
2576 3677 2747 3760 regis
2794 3699 3025 3742 novem
3076 3677 3261 3744 annis

857 3893 888 3942 8
925 3889 988 3942 et
1019 3885 1306 3956 spargere]
1349 3887 1460 3944 Cic.
1495 3889 1556 3944 in
1597 3887 1714 3944 Cat.
1751 3889 1800 3942 ΙΙ
1843 3893 1922 3956 10,
1956 3895 2021 3944 23
2050 3891 2071 3960 ΙΙ
2112 3893 2177 3942 15
2220 3887 2465 3942 Theseus
2500 3905 2547 3944 e.
2582 3907 2631 3956 q.
2662 3887 2729 3960 3.]
2772 3905 2945 3944 exscr.
2982 3889 3259 3960 mythogr.

711 3959 738 4012 I
773 3965 862 4028 46,
897 3959 952 4012 II
993 3965 1112 4016 128.
1165 3959 1238 4016 cf.
1271 3959 1428 4016 Luct.
1471 3961 1618 4016 Plac.
1657 3959 1734 4016 ad
1771 3959 1910 4016 Stat.
1958 3959 2125 4014 Theb.
2164 3959 2245 4014 ΙΙΙ
2282 3965 2385 4014 506
2426 3961 2483 4014 et
2516 3959 2571 4014 V
2606 3965 2713 4014 444

859 4163 886 4210 1
921 4153 1180 4226 ingerent
1221 4153 1280 4208 F
1333 4155 1666 4224 angerentur
1703 4155 2125 4226 mythoy‘raphus
2150 4155 2171 4222 ΙΙ
2200 4161 2235 4208 4
2266 4153 2473 4224 festae]
2510 4155 2695 4208 sertae
2728 4153 2799 4206 H
2818 4157 2837 4226 [1
2864 4161 2893 4208 6
2936 4171 3125 4208 armus
3158 4197 3169 4208 .
3200 4197 3215 4214 ,.
3242 4195 3255 4208 .

711 4225 1046 4296 spirantibus
1087 4243 1182 4280 om.
1215 4225 1266 4278 L
1303 4227 1452 4296 (add.
1487 4227 1522 4294 l)
1553 4225 1574 4294 ΙΙ
1599 4245 1774 4278 morus
1813 4227 1870 4280 R
1921 4245 2081 4278 rmus
2120 4227 2135 4278 l
2164 4227 2183 4294 ΙΙ
2212 4225 2565 4292 sperantibus
2594 4225 2657 4278 H
2708 4225 3101 4292 inspirantibus
3132 4227 3209 4278 M
3240 4227 3257 4298 Η

713 4305 742 4352 7
781 4313 986 4350 nocens
1021 4295 1156 4350 SR:
1195 4299 1402 4350 nocent
1435 4297 1634 4364 ‘reliqui
1659 4297 1678 4366 11
1723 4303 1752 4350 8
1789 4301 1852 4350 et
1885 4311 1987 4352 om.
2024 4295 2129 4350 SR
2156 4301 2175 4363 ΙΙ
2224 4301 2289 4346 10
2330 4295 2663 4364 quicumque
2704 4297 2745 4350 S
2756 4297 2831 4348 M
2840 4297 2857 4350 l
2914 4295 3119 4364 quique.
3154 4297 3209 4350 L
3242 4297 3263 4368 Η

715 4373 776 4420 11
817 4367 1000 4436 illam]
1035 4365 1138 4418 illa
1175 4367 1230 4418 L
1255 4367 1274 4437 ΙΙ
1323 4373 1386 4420 12
1425 4367 1682 4420 modulor
1721 4367 1866 4420 libri.
1925 4367 1985 4418 et
2018 4367 2275 4420 moderor
2316 4371 2373 4420 et
2408 4367 2645 4422 comitor
2684 4367 2813 4422 add.
2850 4367 2909 4418 D
2936 4369 2959 4438 ΙΙ
2998 4373 3065 4420 13
3102 4369 3261 4422 schol.

713 4439 784 4492 ad
819 4457 872 4492 v.
913 4443 1016 4492 760
1051 4453 1152 4490 om.
1181 4437 1238 4488 L
1261 4439 1282 4508 ss
1309 4437 1488 4490 utiam
1523 4437 1592 4488 H
1611 4439 1630 4507 11
1657 4435 1780 4508 alii]
1823 4439 2025 4490 seilicet
2058 4443 2273 4506 praeter
2316 4437 2599 4492 Fucinum
2624 4439 2643 4508 ΙΙ
2688 4445 2751 4490 15
2792 4439 3041 4508 mortua]
3080 4439 3265 4508 priore

709 4525 880 4564 uxore
915 4509 1046 4564 add.
1073 4509 1132 4562 D
1159 4509 1178 4578 ΙΙ
1205 4509 1396 4576 ippole
1431 4507 1490 4560 R
1539 4507 1750 4576 yppole
1785 4509 1924 4562 LM
1980 4511 2143 4578 ypole
2182 4509 2243 4562 1-1
2268 4509 2289 4578 u
2314 4509 2579 4578 passiphe
2618 4507 2671 4562 R
2728 4508 3023 4578 passiphae
3066 4511 3115 4562 L
3168 4527 3265 4578 pa-

711 4581 854 4634 sifae
891 4579 1038 4634 HM
1083 4579 1276 4650 pasipe
1319 4577 1378 4630 F
1399 4579 1418 4648 n
1459 4583 1524 4632 16
1563 4577 1916 4650 superduxit]
1958 4595 2257 4634 nouercam
2294 4579 2423 4634 add.
2456 4581 2511 4632 D
2536 4581 2559 4648 u
2588 4579 2653 4632 de
2696 4583 2885 4646 stupro
2926 4581 3089 4632 illam
3122 4579 3227 4634 SR
3254 4581 3271 4650 ll

613 4699 622 4706 ,,
713 4651 1162 4720 contempsisset]
1213 4649 1516 4720 spreuisset
1551 4649 1606 4700 L
1655 4647 1858 4704 siesset
1891 4651 1961 4704 H
1982 4654 2001 4723 11
2044 4659 2111 4706 17
2150 4649 2373 4704 delatus
2410 4655 2501 4704 est
2534 4651 2609 4702 ad
2642 4653 2865 4718 patrem
2900 4649 2959 4702 R
2984 4651 3003 4720 ss
3046 4655 3113 4706 18
3146 4651 3273 4720 ille]

711 4725 818 4776 hoc
859 4727 942 4776 est
979 4723 1208 4776 theseus
1247 4721 1376 4776 add.
1397 4721 1520 4788 SR,
1559 4719 1656 4776 sed
1693 4721 1918 4776 theseus
1958 4725 2089 4778 add.
2116 4721 2173 4776 F
2198 4725 2219 4790 ΙΙ
2244 4721 2519 4792 Aegeum]
2560 4721 2887 4790 Neptunum
2920 4723 3235 4776 Masvicius
3260 4723 3277 4792 ¹21

713 4793 970 4862 agitante
1007 4793 1074 4846 Η
1109 4797 1128 4864 ll
1173 4799 1240 4846 19
1279 4809 1504 4846 currum
1543 4793 1618 4844 M
1651 4793 1672 4862 ΙΙ
1719 4793 2055 4864 Hippolyto]
2096 4793 2153 4848 in
2188 4793 2359 4846 litore
2394 4793 2521 4846 add.
2562 4793 2647 4846 1⁴¹2
2686 4793 2711 4860 11
2750 4791 2965 4864 focam]
2998 4793 3187 4848 focam
3224 4793 3281 4846 in

713 4865 880 4918 litore
917 4865 1024 4918 SR
1061 4871 1114 4920 et
1147 4865 1534 4934 mythoyraphi
1567 4863 1628 4916 in
1663 4865 1830 4918 litore
1867 4865 2049 4920 focam
2088 4883 2141 4918 m
2192 4865 2217 4932 ΙΙ
2266 4863 2649 4918 distraxerunt
2686 4863 2747 4916 F
2786 4871 2841 4920 et
2874 4865 3139 4932 mythoyr.
3182 4865 3225 4916 I
3264 4865 3285 4934 Η
3364 4871 3367 4874 ’

715 4941 782 4990 530
819 4935 1054 4988 caritate
1097 4937 1156 4988 F
1179 4937 1198 5006 ΙΙ
1227 4935 1282 4988 in
1321 4937 1526 5006 vitam]
1567 4951 1664 4990 om.
1695 4935 1778 5002 R,
1815 4937 1888 4990 ab
1921 4937 2123 4996 inferis
2150 4937 2213 4988 D
2240 4937 2353 5006 1121
2390 4939 2543 4988 secto
2574 4935 2631 4988 R
2684 4939 2881 4992 exocto
2912 4935 2975 4988 F
2996 4937 3017 5006 l]
3040 4941 3113 4988 25
3148 4935 3289 4988 artis

713 5003 1028 5090 medicinae
1063 5007 1124 5060 R
1135 5009 1194 5060 H
1223 5009 1242 5078 Η
1281 5011 1354 5098 29
1389 5007 1702 5076 interemit]
1741 5007 1810 5062 ab
1849 5007 2041 5062 inferis
2080 5007 2315 5062 fulmine
2358 5003 2601 5078 peremit
2636 5007 2741 5136 {¹ss
2780 5015 2851 5064 27
2888 5007 3139 5060 fulminis
3176 5007 3241 5060 F
3272 5005 3289 5080 ΙΙ

715 5077 968 5148 confint]
1009 5081 1236 5130 ammnt
1271 5077 1318 5130 Β
1357 5081 1376 5146 ΙΙ
1409 5081 1482 5130 28
1517 5097 1620 5132 v111
1655 5077 1720 5132 F
2654 5141 2659 5166 .-

2652 5171 2657 5198 l
