3900 5784
641 1259 670 1306 5

603 1791 668 1838 10

603 2325 666 2372 15

599 3395 666 3442 25

713 657 848 720 220
1871 649 2111 708 SERVH

895 817 1038 880 136.
1115 843 1190 880 AD
1203 839 1458 880 emtum
1507 839 1578 878 TE
1587 839 1756 878 venos
1805 821 1866 878 et
1911 813 2189 878 homines
2244 817 2297 878 et
2350 815 2651 896 reyionem
2708 815 3027 898 siqnificat.
3116 833 3267 876 sanc

695 923 1006 1004 prolepsis
1045 927 1166 986 est:
1213 941 1366 984 nam
1397 925 1540 1002 post
1581 919 1967 986 Dardanum
2014 921 2237 984 Teucri
2278 923 2575 1004 appellati
2618 927 2775 986 sunt.

893 1029 1034 1094 138.
1111 1053 1370 1094 MERGVRI
1381 1051 1444 1092 Vs
1489 1053 1670 1094 PATER
1717 1053 1828 1092 EST
1867 1025 2225 1092 Mercurius
2254 1025 2423 1092 Iovis
2462 1025 2515 1092 ct
2540 1029 2759 1094 Maiae
2768 1079 2785 1112 ,
2824 1049 2981 1112 quae
3012 1031 3103 1092 est
3134 1047 3265 1092 una

709 1137 780 1198 de
823 1133 1204 1218 pleiadibus,
1259 1135 1456 1220 filiuS,
1513 1139 1726 1200 auctor
1767 1135 2139 1216 eloquentiae
2180 1139 2243 1198 et
2282 1135 2481 1220 lyrae,
2532 1137 2955 1202 internuntius
2996 1135 3261 1200 deorum.

707 1241 818 1304 iste
865 1241 1048 1304 etiam
1095 1241 1444 1322 palaestrae
1493 1243 1768 1306 inventor
1817 1241 1924 1306 hoc
1974 1243 2145 1304 modo
2192 1261 2313 1306 esse
2360 1245 2673 1306 narratur.
2756 1241 3081 1322 Cher-icae,
3132 1243 3265 1322 qui-

705 1349 856 1412 dam
907 1367 1020 1410 rex
1059 1347 1402 1430 Arcadiae,
1455 1349 1620 1432 filios
1669 1347 1886 1424 habuit
1927 1347 2303 1430 Plexippum
2360 1351 2411 1412 et
2456 1349 2729 1414 Enetum
2770 1355 2831 1414 et
2870 1349 3263 1416 Palaestram

703 1453 926 1532 filiam.
993 1453 1098 1516 sed
1141 1455 1382 1522 iuvenes
1423 1477 1560 1520 cum
1609 1475 1756 1520 casu
1797 1457 1963 1520 inter
1996 1475 2057 1518 se
2096 1455 2381 1520 haberent
2422 1459 2757 1548 certamen,
2798 1457 3169 1538 inpressione
3212 1461 3267 1520 et

705 1561 856 1624 nisu
889 1581 1210 1642 corporum
1249 1563 1524 1626 invenere
1559 1561 1916 1628 luctamina.
1986 1561 2093 1644 qui
2128 1583 2265 1624 cum
2300 1561 2411 1626 hoc
2434 1565 2621 1644 patre
2642 1567 2969 1644 praesente
2996 1561 3269 1644 facerent

705 1673 766 1732 et
805 1667 910 1734 ille
953 1689 1022 1732 re
1063 1689 1226 1734 nova
1269 1671 1686 1752 delectaretur,
1747 1689 1818 1734 ex
1865 1691 1934 1734 ca
1982 1689 2045 1732 re
2094 1667 2273 1732 ludus
2314 1669 2519 1750 factus
2564 1673 2675 1752 est,
2730 1689 2915 1750 quam
2962 1691 3095 1734 rem
3136 1669 3263 1734 Pa-

709 1775 934 1838 laestra
943 1825 960 1854 ,
1021 1795 1192 1862 soror
1249 1777 1560 1860 iuvenum,
1621 1777 1708 1842 M
1699 1777 1948 1840 ercurio·
1990 1777 2233 1840 amanti
2282 1797 2349 1840 se
2384 1777 2683 1856 prodidit.
2770 1779 2881 1858 qui
2942 1799 3081 1842 cum
3132 1799 3263 1842 rem

705 1901 928 1946 novam
973 1853 1244 1968 vid²i33et,
1275 1883 1622 1962 pleniorem
1663 1883 1738 1946 de
1777 1883 2093 1946 industria
2136 1889 2333 1946 artem
2374 1879 2647 1946 homines
2696 1883 2909 1948 docuit.
2982 1883 3093 1946 hoc
3134 1883 3269 1946 seni

705 1991 950 2054 iuvenes
997 2009 1038 2052 a
1067 1987 1286 2052 'sorore
1321 1989 1640 2070 proditum
1683 1991 2001 2054 nuntiant.
2092 1991 2195 2054 ille
2240 1991 2441 2054 iratus
2486 1995 2573 2054 est
2602 1989 2815 2074 potius
2866 1991 3047 2072 filiis²
3106 1991 3267 2072 Quod

703 2117 832 2160 non
881 2101 1196 2176 tamquam
1239 2095 1444 2174 furem
1471 2093 1860 2160 Mercurium
1893 2097 2371 2176 insequerentur.
2438 2117 2615 2180 quem
2648 2117 2787 2162 cum
2826 2097 2927 2162 illi
2960 2097 3029 2160 in
3068 2101 3265 2162 monte

703 2203 1106 2268 dormientem
1147 2203 1538 2288 invenissent,
1587 2225 1814 2268 manus
1861 2203 1912 2268 ci
1960 2207 2469 2284 amputaverunt:
2510 2207 2671 2268 unde
2708 2207 2765 2268 et
2798 2205 2927 2284 ipsc
2954 2201 3265 2286 Cyllenius
3304 2213 3309 2216 '

703 2315 766 2374 et
803 2331 982 2376 mons
1025 2309 1346 2386 dicuntum
1401 2331 1666 2392 namque
1717 2331 1924 2394 yraece
1972 2309 2255 2386 κυλλούς
2298 2309 2517 2390 aliqua
2562 2311 2879 2374 mutilatos
2908 2315 3099 2392 parte
3140 2331 3263 2376 cor-

691 2419 874 2498 poris
915 2419 1162 2480 dicunt:
1207 2417 1372 2482 ‘cende
1411 2419 1600 2480 etiam
1641 2417 1886 2482 hermas
1927 2437 2217 2480 vocamus
2258 2417 2553 2498 quosdam
2596 2417 2873 2482 stimulos
2908 2417 2981 2480 in
3014 2419 3263 2482 modum

703 2525 1022 2606 simiorum
1083 2525 1218 2588 sine
1277 2525 1582 2590 manibus,
1669 2525 2027 2588 Mercurius
2090 2545 2229 2588 vero
2288 2525 2429 2588 Iovi
2492 2531 2871 2608 conquestus,
2936 2521 3263 2588 Choricum

703 2633 1102 2696 evisceratum
1145 2633 1216 2696 in
1255 2631 1606 2712 folliculum
1655 2633 1856 2714 rcdiyi
1901 2633 2075 2712 fecit,
2130 2637 2405 2696 amatam
2462 2653 2599 2698 vero
2640 2651 2825 2696 suam
2870 2631 3259 2696 Palaestram

701 2743 1132 2804 remuneratus
1171 2759 1352 2802 omne
1395 2739 1724 2822 luctamen,
1767 2741 1928 2820 quod
1964 2759 2209 2820 corpore
2246 2741 2591 2824 conficitur,
2626 2739 3009 2820 palaestram
3056 2741 3263 2804 vocari

701 2845 864 2926 fecit.
923 2845 1042 2908 alii
1069 2845 1460 2908 „Mercurium
1495 2847 1674 2926 quasi
1701 2845 2153 2910 Medicurrium
2192 2867 2235 2910 a
2258 2845 2511 2910 Latinis
2544 2847 2775 2912 dictum
2822 2847 3059 2930 volunt,
3102 2847 3263 2926 quod

703 2953 868 3016 inter
909 2951 1144 3016 caelum
1189 2957 1248 3014 ct
1287 2951 1520 3032 inferos
1561 2973 1794 3034 semper
1843 2953 2229 3016 intercurrat.
2316 2953 2413 3016 liic
2466 2953 2645 3016 etiam
2694 2955 3075 3016 mercimonii
3116 2953 3261 3018 deus

703 3065 804 3122 est.
879 3059 1134 3140 quidam
1173 3059 1340 3122 huuc
1383 3061 1452 3124 in
1489 3065 1702 3140 petaso
1747 3065 1804 3122 et
1849 3061 1914 3124 in
1952 3059 2211 3142 pedibus
2248 3061 2483 3140 pinna-s
2512 3059 2731 3124 habere
2762 3061 2977 3124 volunt
3006 3065 3263 3140 propter

703 3167 1030 3248 oration-ie,
1075 3167 1252 3230 cuius
1293 3173 1508 3230 auctor
1549 3173 1660 3248 est,
1719 3165 2105 3230 velocitatem.
2186 3167 2511 3230 caduceum
2556 3167 2653 3230 illi
2702 3167 2833 3254 idco
2876 3167 3261 3248 adsignatur,

703 3275 868 3356 quod
907 3275 1026 3356 fide
1069 3273 1274 3336 media
1315 3273 1512 3338 hostes
1553 3275 1628 3338 in
1669 3273 2013 3336 amicitiam
2058 3273 2383 3338 conducat:
2428 3293 2587 3354 quae
2628 3273 2805 3356 virya
2852 3273 2981 3336 ideo
3020 3293 3261 3354 serpen-

709 3379 870 3446 tibus
911 3381 1178 3462 inliyata
1227 3385 1336 3464 est,
1381 3387 1454 3444 ut
1495 3381 1652 3446 sicut
1693 3379 1792 3444 illi
1841 3379 2013 3444 obliti
2054 3381 2267 3444 veneni
2312 3379 2411 3444 sui
2448 3381 2515 3442 in
2552 3401 2615 3444 se
2648 3383 2883 3458 coeunt,
2930 3379 3021 3442 ita
3068 3379 3257 3442 hostes

705 3487 1060 3568 contemptis
1105 3493 1162 3552 et
1203 3489 1492 3568 depositis
1531 3487 1880 3550 inimicitiis
1913 3487 1987 3548 in
2020 3487 2365 3550 amicitiam
2398 3491 2795 3550 revertantur.
2948 3503 3261 3552 OANDIDA

613 3601 616 3606 '
705 3593 878 3656 ΜΑΙΑ
943 3593 1344 3674 splendidior
1409 3595 1584 3656 enim
1647 3597 1748 3656 est
1801 3589 1981 3656 Maia
2030 3593 2209 3656 inter
2262 3593 2543 3674 pliadaS,
2608 3613 2767 3674 quae
2834 3595 2933 3656 esi:
2992 3613 3119 3656 una
3184 3591 3259 3656 de

705 3699 1182 3782 Atlantidibus,
1241 3701 1366 3764 hoe
1409 3703 1510 3764 est
1553 3695 1894 3782 pliadibus.
1982 3719 2107 3762 non
2148 3719 2285 3782 cryc
2336 3695 2659 3762 ‘candida’
2700 3697 2993 3780 pulchra,
3044 3701 3117 3760 ut
3158 3695 3261 3780 <V

707 3807 882 3890 571>
941 3803 1266 3872 candida
1319 3805 1530 3872 Dide.
1625 3805 1904 3870 meminit
1968 3811 2169 3870 autem
2230 3807 2483 3872 Maiam
2534 3805 2921 3872 Atlantidem
2984 3827 3131 3890 esse,
3194 3809 3263 3870 ut

853 4097 880 4142 1
919 4091 1180 4156 scholium
1219 4091 1290 4144 acl
1327 4109 1378 4142 v.
1409 4095 1510 4142 13ss
1545 4091 1666 4142 hab.
1701 4089 1748 4140 T
1771 4091 1786 4158 ΙΙ
1817 4109 2087 4142 Anvm'rvn
2116 4089 2175 4142 F
2198 4091 2219 4156 ΙΙ
2242 4089 2315 4142 ad.
2354 4089 2607 4144 homines
2634 4089 2697 4142 F
2720 4091 2737 4158 fl
2762 4089 2921 4156 sane]
2964 4089 3019 4140 eb
3058 4089 3139 4140 est
3174 4087 3225 4140 T
3244 4085 3261 4158 ΙΙ

705 4169 738 4214 ’2
779 4161 1114 4228 prolempsis
1141 4163 1202 4214 F
1249 4161 1536 4230 prolemsis
1573 4159 1690 4214 GT
1711 4163 1732 4228 ΙΙ
1759 4163 1848 4212 est
1873 4177 1973 4212 om.
2002 4161 2045 4210 'J'
2072 4163 2093 4226 ΙΙ
2118 4161 2271 4230 nam]
2312 4161 2447 4228 quia,
2482 4159 2527 4210 T
2552 4163 2573 4226 ΙΙ
2600 4161 2825 4212 fuerunt
2858 4157 3039 4210 teucri
3074 4157 3259 4226 appel-

711 4231 808 4284 iati
853 4233 900 4284 T
921 4233 942 4298 ΙΙ
971 4239 1002 4282 3
1039 4233 1198 4286 schol.
1241 4233 1312 4286 ad
1351 4251 1646 4284 Mencvmvs
1685 4251 1732 4286 P.
1771 4251 1816 4282 ις.
1857 4231 1983 4284 hab.
2020 4231 2071 4280 Τ
2096 4232 2115 4299 ΙΙ
2142 4237 2173 4280 4
2212 4231 2493 4298 pliadibus
2528 4229 2593 4282 F
2612 4235 2631 4298 ΙΙ
2660 4229 2795 4292 lirae
2836 4229 2893 4282 F
2918 4233 2937 4298 {l
2966 4235 2993 4280 6
3032 4229 3261 4282 arcadia

709 4303 854 4354 filius
891 4301 948 4354 F
973 4303 994 4370 ΙΙ
1035 4301 1346 4370 plexiplurh
1385 4303 1444 4354 F
1473 4303 1492 4370 ΙΙ
1531 4301 1794 4370 Enetum]
1841 4303 2067 4354 anteum
2114 4301 2157 4352 'l'
2180 4301 2201 4368 ΙΙ
2246 4301 2621 4368 phalaeetram
2660 4301 2723 4352 F
2752 4303 2769 4370 ΙΙ
2818 4307 2849 4354 8
2884 4299 3145 4352 inuenere
3194 4301 3259 4352 T:

705 4375 970 4428 inuenera
1009 4371 1070 4424 F
1121 4373 1454 4426 invenerunt
1493 4373 1702 4426 Daniel
1735 4375 1754 4442 ΙΙ
1797 4379 1832 4426 9
1869 4371 2029 4424 ludos
2074 4371 2131 4424 F
2160 4371 2179 4442 ΙΙ
2226 4371 2567 4440 palaestram
2606 4371 2667 4424 F
2706 4375 2725 4440 11
2776 4379 2839 4424 10
2876 4371 3113 4424 amantis
3152 4371 3215 4424 F
3244 4371 3263 4442 ΙΙ

711 4469 774 4514 12
811 4461 1030 4514 iuuenis
1073 4461 1126 4514 T
1147 4463 1164 4532 ΙΙ
1197 4467 1262 4514 15
1301 4461 1564 4514 dicuntur
1597 4463 1646 4514 T
1699 4447 1788 4514 d‘ff
1819 4461 1880 4514 F
1899 4463 1918 4530 ΙΙ
1949 4461 2123 4530 eyllos
2150 4459 2271 4512 FT
2290 4461 2313 4526 ΙΙ
2348 4467 2405 4512 16
2448 4461 2709 4514 dicuntur
2738 4461 2787 4512 T
2814 4463 2833 4530 {l
2858 4459 3081 4512 hermas
3110 4457 3261 4514 Com-

707 4535 960 4586 melinus:
999 4535 1222 4586 hermes
1253 4531 1312 4586 F
1325 4533 1414 4598 ΤΙΙ
1445 4531 1724 4600 stimulos]
1761 4531 1991 4586 mutilos
2020 4531 2095 4584 F.
2126 4531 2435 4596 SchoelliuS,
2476 4535 2797 4590 στυλίσκους
2834 4531 2975 4600 cyon
3010 4535 3077 4582 17
3114 4529 3257 4600 Iovi]

707 4603 840 4658 noui
875 4605 934 4658 T.
975 4605 1118 4658 idem
1143 4605 1314 4658 edidit
1345 4603 1572 4668 Daniel,
1609 4607 1670 4656 ut
1709 4605 1948 4656 dubitem
1976 4605 2177 4656 satisne
2218 4607 2471 4656 accurate
2504 4603 2721 4668 leyerim
2754 4601 2853 4652 hoc
2888 4601 3001 4652 loco
3030 4599 3259 4654 Floria-

625 4687 628 4692 ·
707 4691 922 4730 oensem.
993 4683 1226 4730 ceterum
1261 4675 1384 4730 Ioui
1421 4673 1780 4728 Gommelinus
1807 4675 1828 4742 ΙΙ
1867 4691 2123 4742 corycum
2160 4673 2225 4724 F
2246 4675 2263 4742 ΙΙ
2314 4679 2377 4724 19
2412 4671 2699 4740 palaestra.
2734 4669 2795 4724 F
2828 4673 2847 4740 ΙΙ
2888 4677 2961 4724 20
2994 4671 3115 4724 ficit
3150 4673 3215 4724 F
3244 4673 3259 4742 13²

705 4765 742 4796 a.
777 4745 1022 4818 Latinis]
1073 4747 1204 4800 adla.
1243 4745 1300 4800 F
1345 4751 1362 4810 ΙΙ
1405 4751 1474 4800 21
1513 4745 1760 4798 incurrat
1795 4745 2005 4798 Daniel
2036 4745 2057 4812 ΙΙ
2104 4751 2167 4796 22
2212 4747 2295 4796 est
2336 4761 2431 4796 om.
2474 4739 2531 4794 F
2564 4745 2585 4810 ΙΙ
2626 4757 2837 4808 pennas
2880 4743 2931 4794 T
2966 4747 2981 4810 ΙΙ
3026 4749 3097 4796 23
3134 4743 3259 4796 ideo

709 4817 1096 4872 Gommelinus:
1145 4817 1286 4872 adeo
1327 4817 1402 4886 F,
1439 4835 1538 4872 oui.
1587 4817 1644 4870 T.
1701 4833 1738 4868 a
1771 4817 1876 4870 deo
1911 4817 2123 4870 Daniel
2166 4815 2185 4884 ΙΙ
2240 4819 2307 4868 25
2348 4813 2587 4882 inligata
2622 4815 2711 4866 est
2742 4811 2869 4868 ideo
2908 4813 3257 4882 serpentibus

711 4889 800 4956 ΤΙΙ
829 4893 1030 4944 coeunt
1065 4889 1174 4960 ita]
1217 4889 1474 4944 coeuntia-
1511 4889 1570 4942 F
1595 4889 1612 4960 ΙΙ
1645 4889 1822 4942 hostis
1863 4889 2141 4956 conteptis
2182 4885 2283 4956 Fu
2328 4891 2393 4940 27
2434 4883 2583 4938 enim
2618 4901 2720 4938 om.
2756 4885 2885 4940 ,ΕΗ
2912 4889 2931 4958 ΙΙ
2972 4891 3039 4940 28
3080 4887 3257 4940 atlan-

703 4961 840 5016 tidie
877 4961 930 5012 R
989 4961 1294 5016 afflantibus
1335 4961 1400 5014 H
1407 4961 1484 5014 M
1493 4961 1552 5014 F
1573 4963 1594 5030 ΙΙ
1627 4961 1758 5030 hoc]
1797 4961 1858 5012 id
1893 4959 1959 5012 F
1982 4961 2001 5028 Ι,ῐ
2040 4961 2125 5012 est
2160 4973 2259 5012 om.
2300 4957 2359 5010 R
2384 4959 2401 5024 ΙΙ
2428 4971 2539 5008 non
2580 4973 2635 5010 er
2678 4973 2711 5008 ο
2748 4975 2783 5010 a
2822 4959 3087 5026 plenioris
3120 4973 3257 5012 com-

703 5033 964 5088 mentarii
1015 5039 1236 5088 auctore
1279 5033 1530 5088 additum
1579 5047 1684 5086 esse
1733 5033 1946 5084 videtur
1992 5035 2051 5084 ut
2102 5029 2343 5084 alienum
2384 4971 2675 5110 scholium?
2692 5045 2813 5082 cum
2858 5029 3121 5084 Serviano
3170 5045 3257 5084 co-

705 5109 1004 5160 necteretur
1039 5105 1056 5174 ss
1105 5111 1168 5156 29
1211 5103 1546 5158 ublanffidem
1577 5103 1636 5156 F
2636 5147 2639 5174 ,

2598 5259 2619 5312 s
