3900 5784
741 641 824 704 66
1893 639 2105 694 SERVI
2116 639 2137 692 ῐ

917 801 1060 864 429.
1139 819 1410 864 AOERBO
1455 803 1808 868 inmaturo:
1855 801 2197 866 translatio
2250 803 2347 864 est
2396 823 2429 862 a
2476 801 2703 882 pomis.

915 907 1062 970 431.
1141 925 1292 972 SINE
1341 923 1564 974 SORTE
1617 913 1756 974 sine
1803 909 2057 972 iudicio.
2134 909 2335 972 traxit
2386 911 2605 972 autem
2650 909 2771 972 hoc
2818 931 2893 972 ex
2944 929 3121 972 more
3166 909 3289 972 Ro-

739 1035 960 1078 mano:
1037 1035 1164 1076 non
1233 1013 1400 1078 enim
1469 1017 1902 1082 audiebantur
1966 1035 2197 1080 causae
2266 1017 2393 1080 nisi
2452 1037 2569 1098 per
2638 1021 2875 1080 sortem
2938 1017 3287 1080 ordinatae.

739 1143 890 1184 nam
939 1125 1226 1202 tempore
1275 1143 1400 1206 quo
1449 1145 1680 1188 causae
1729 1123 2089 1206 agebantur
2128 1121 2599 1188 conveniebant
2638 1145 2857 1188 omnes
2902 1161 2979 1170 —
3020 1123 3183 1188 unde
3226 1127 3289 1188 et

669 1239 696 1284 5
739 1226 1128 1290 ‘concilium’
1171 1227 1260 1290 ait
1301 1265 1380 1274 —-
1425 1233 1490 1294 et
1527 1255 1598 1294 ex
1641 1233 1812 1294 sorte
1853 1229 2097 1292 dierum
2152 1229 2435 1292 ordinem
2488 1229 2915 1314 accipiebant,
2966 1253 3091 1314 quo
3140 1235 3289 1314 post

735 1335 906 1398 diem
949 1335 1350 1400 tricesimum
1401 1361 1548 1402 suas
1593 1359 1818 1402 causas
1859 1339 2349 1422 exequerentur:
2398 1335 2561 1398 unde
2602 1339 2699 1400 est
2740 1335 2995 1402 ‘urnam
3030 1337 3287 1402 movet'.

703 1435 1050 1506 'Iuvenalis
1099 1443 1302 1526 <XIII
1347 1443 1432 1526 4>
1481 1443 1740 1530 gratia
1787 1443 2053 1508 fallaci
2100 1443 2491 1526 praetoris
2538 1443 2815 1506 vicerit
2866 1467 3067 1508 urna.

913 1551 1056 1614 432.
1133 1569 1524 1628 QVAESITOR
1579 1551 1977 1636 quaesitores
2030 1553 2177 1614 sunt
2228 1551 2335 1634 qui
2386 1549 2753 1614 exercendis
2800 1551 3283 1634 quaestionibus

731 1661 1052 1738 praesunt.
1149 1661 1210 1722 et
1275 1659 1630 1722 notandum
1695 1659 1844 1740 quia
1915 1655 2193 1722 Minoem
2266 1657 2445 1740 quasi
2524 1657 2849 1722 crudelem
2918 1657 3285 1744 introducit,

627 1779 692 1824 10
729 1765 904 1848 quod
957 1765 1014 1828 ei
1071 1765 1406 1848 epitheton
1465 1769 1532 1830 et
1575 1765 1764 1830 Plato
1811 1769 1878 1828 et
1923 1763 2247 1830 Homerus
2304 1765 2439 1830 dat:
2504 1787 2651 1830 nam
2704 1763 2951 1830 Aeacus
3004 1769 3065 1830 et
3112 1765 3281 1830 Rha-

727 1871 1114 1936 damanthus
1161 1871 1398 1936 fratres
1445 1871 1734 1938 mitiores
1785 1875 1946 1938 sunt.
2322 1875 2327 1880 ’

905 1975 1084 2042 434.’
1127 1995 1384 2044 MAEsTI
1419 1995 1598 2046 LooA
1639 1985 1752 2044 aut
1783 1981 2167 2062 paenitentia·
2198 1981 2387 2060 facti:
2432 1985 2545 2044 aut
2578 1979 2721 2042 ideo
2764 1979 3059 2064 ‘maesti'7
3112 1983 3277 2064 quia,

725 2087 800 2146 ut
845 2085 1120 2148 diximus
1173 2109 1364 2170 supra
1405 2085 1542 2168 <IV
1571 2085 1776 2172 653>,·
1809 2087 2157 2152 secundum
2202 2085 2541 2150 Platonem
2590 2087 2881 2172 graviter
2922 2087 3279 2168 puniuntur

725 2211 946 2256 eorum
999 2193 1282 2276 animae,
1327 2193 1434 2274 qui
1485 2195 1606 2258 sibi
1659 2193 1942 2258 inferunt
1990 2197 2283 2258 mortem.

623 2313 686 2360 15
905 2297 1052 2362 435.
1127 2315 1508 2376 LVCEMQVE
1551 2317 1800 2364 PEROSI
1845 2301 2119 2384 figurate
2170 2299 2357 2364 dixit:
2406 2323 2557 2364 nam
2608 2299 2899 2382 ‘perosus
2940 2301 3143 2364 illius’
3190 2303 3277 2364 di·-

725 2405 946 2466 cimus.
1031 2425 1182 2468 sane
1225 2403 1520 2486 ‘perosus'
1567 2413 1624 2470 et
1667 2403 1924 2472 ‘exosus'
1970 2409 2045 2470 de
2086 2427 2151 2470 eo
2200 2411 2437 2470 tantum
2484 2409 2593 2488 qui
2638 2409 2767 2472 odit
2804 2409 3047 2472 dicitur.

907 2511 1050 2576 436.
1125 2529 1524 2578 PROIECERE
1571 2529 1830 2576 ANIMAs
1883 2513 2065 2598 quasi
2108 2535 2251 2574 rem
2298 2511 2509 2574 vilem.

903 2619 1050 2684 437.
1123 2637 1212 2682 ET
1279 2637 1510 2684 nvnos
1575 2637 1934 2684 PERPERRE
2000 2637 2313 2684 LABORES
2380 2617 2701 2682 Homerus
2770 2621 2941 2684 enim
3004 2619 3275 2688 Achillis

721 2727 1020 2790 umbram
1067 2725 1418 2790 introducit
1461 2727 1830 2812 loquentem
1881 2733 1944 2790 et
1982 2727 2299 2790 dicentem
2328 2715 2653 2790 ⁴libentius
2690 2747 2761 2790 se
2798 2727 2967 2810 apud
3010 2751 3275 2812 superos

615 2849 684 2896 20
723 2839 954 2898 cuncta
1001 2835 1272 2896 adversa
1315 2833 1616 2916 tolerare,
1667 2855 1860 2916 quam
1911 2833 2079 2916 apud
2128 2831 2365 2896 inferos
2412 2833 2749 2916 imperare.
2838 2835 3011 2920 quod
3056 2841 3275 2900 autem

723 2941 818 3004 ait
863 2937 1156 3004 eaethere
1203 2931 1270 3002 in
1317 2937 1484 3004 alto'
1533 2941 1782 3024 poetice
1829 2939 2067 3004 dictum
2120 2943 2245 3004 est:
2302 2939 2523 3004 aether
2578 2941 2749 3004 enim
2798 2963 3109 3026 supernus
3160 2947 3275 3026 est,

723 3047 830 3110 sed
879 3051 1172 3112 nostrum
1215 3045 1670 3112 habitaculum
1713 3047 2037 3110 aetherem
2074 3047 2329 3110 vocavit
2378 3045 2731 3110 inferorum
2772 3051 3275 3132 comparatione.

897 3153 1046 3218 438.
1119 3171 1300 3218 FATA
1365 3169 1684 3216 ons-MNT
1747 3153 1890 3216 iura
1915 3219 1922 3226 ,
1949 3155 2239 3216 naturae.
2432 3171 2795 3230 TRISTIQVE
2860 3153 3037 3218 tristi
3106 3157 3275 3220 unda

721 3261 910 3344 palus
957 3259 1350 3342 inamabilis,
1399 3281 1474 3322 ne
1527 3261 1580 3324 si
1631 3257 1888 3324 ‘tristis'
1935 3259 2251 3342 (1103111110,
2300 3257 2423 3322 duo
2474 3261 2603 3324 sint
2650 3261 2953 3344 epitheta.

527 3381 530 3384 ’
615 3383 684 3432 25
899 3369 1046 3432 439.
1121 3383 1378 3432 novms
1419 3383 1590 3430 STYX
1629 3383 2021 3432 INTERFVSA
2068 3365 2219 3450 quia
2258 3365 2363 3450 qui
2406 3365 2599 3430 altius
2640 3367 2713 3430 de
2756 3367 2975 3432 mundi
3024 3369 3275 3434 ratione

719 3495 904 3502 ———-—·-
913 3495 916 3498 .

867 3551 1138 3594 1101111110
1175 3541 1478 3610 inmaturo]
1525 3541 1588 3596 cf.
1623 3541 1752 3598 lsid.
1785 3539 1898 3594 diff.
1925 3539 2071 3594 verb.
2106 3545 2175 3594 45
2212 3542 2233 3611 ΙΙ
2282 3545 2311 3592 8
2350 3541 2691 3608 quaesitores
2732 3587 2743 3598 .
2780 3585 2789 3596 .
2820 3585 2831 3594 .
2872 3545 3161 3616 praesunt]
3202 3547 3271 3600 cf.

721 3613 848 3668 Isid.
891 3631 966 3668 or.
1005 3611 1084 3666 IX
1119 3619 1172 3678 4,
1213 3620 1278 3666 16
1307 3614 1326 3681 ΙΙ
1365 3617 1434 3666 10
1467 3611 1656 3682 Plato]
1695 3611 1764 3666 cf.
1803 3611 1934 3666 Min.
1976 3629 2029 3678 p.
2070 3613 2219 3682 31811
2260 3617 2323 3666 25
2368 3611 2501 3680 quia
2538 3657 2551 3666 .
2582 3655 2591 3666 .
2630 3657 2641 3668 .
2674 3613 2731 3666 id
2776 3615 2861 3666 est
2898 3615 3057 3686 Styx]
3098 3633 3271 3672 exscr.

719 3685 994 3754 mythogr.
1037 3685 1112 3738 III
1155 3691 1200 3750 6,
1239 3689 1308 3738 20
1783 3699 1786 3702 ’
2258 3711 2261 3714 ’
3068 3703 3071 3706 ’

865 3833 896 3880 1
933 3789 1188 3880 amatum
1223 3825 1294 3878 H
1313 3825 1332 3892 ΙΙ
1377 3823 1674 3880 translatio
1709 3841 1744 3878 a
1781 3825 1961 3894 pomis
2000 3825 2083 3878 est
2120 3823 2313 3876 ΑΒΜ
2360 3841 2397 3878 3
2432 3825 2611 3894 pomis
2650 3827 2941 3882 translatio
2984 3831 3069 3882 est
3108 3827 3225 3882 FO
3256 3831 3273 3900 [Ι

721 3905 750 3952 2
795 3915 858 3954 ex
897 3915 994 3954 om.
1039 3897 1082 3952 Ο
1113 3899 1134 3966 ΙΙ
1179 3903 1212 3950 4
1247 3899 1500 3966 tempore
1543 3895 1686 3950 enim
1725 3911 1834 3964 quo
1875 3895 1991 3948 FO
2014 3897 2035 3965 ΙΙ
2070 3893 2251 3948 omnis
2290 3893 2347 3948 F
2382 3897 2401 3966 ΙΙ
2444 3901 2477 3948 5
2518 3897 2637 3952 orte
2678 3897 2799 3952 CH
2846 3901 2965 3954 oste
3008 3899 3067 3954 F
3088 3903 3107 3966 ΙΙ
3142 3903 3275 3970 post

945 3993 950 3998 ·
1597 3979 1618 4008 S
2946 3983 2997 4012 ΘΥ

721 4023 868 4076 (110111
919 4023 1070 4076 XXX
1115 4023 1264 4074 ΗΜ
1313 4023 1442 4088 post
1487 4023 1636 4090 diem
1673 4019 1824 4074 XXX
1865 4019 1910 4074 S
1960 4021 2089 4088 post
2138 4019 2255 4074 dies
2302 4019 2455 4074 XXX
2496 4019 2609 4074 AO
2648 4023 2665 4092 ΙΙ
2720 4029 2753 4076 6
2790 4025 3139 4092 exequantur
3176 4023 3219 4078 S
3256 4025 3273 4096 ΙΙ

723 4101 750 4146 7
793 4095 996 4164 gratia]
1041 4095 1110 4146 ‘fa
1153 4093 1214 4146 H
1259 4093 1282 4160 ΙΙ
1339 4091 1554 4162 fallaci]
1599 4093 1794 4148 fallaci
1839 4091 1936 4158 qui
1982 4091 2101 4144 ΒΑ
2116 4091 2161 4146 S
2170 4091 2235 4144 H
2240 4091 2315 4144 M
2370 4091 2587 4146 fallacis
2630 4091 2743 4146 FO
2792 4095 2809 4165 ss
2868 4095 3109 4164 pretoris
3148 4095 3277 4148 RF
3340 4127 3343 4130 ·

723 4165 966 4232 praetori
1003 4165 1110 4218 AS
1151 4167 1308 4232 (corr.
1335 4167 1402 4228 α’)
1431 4165 1450 4232 fl
1475 4163 1698 4232 vicerit]
1741 4179 1838 4214 suo
1879 4161 2025 4230 gerit
2060 4161 2171 4216 AS
2202 4163 2361 4226 (corr.
2400 4165 2451 4230 a)
2480 4165 2501 4230 ΙΙ
2530 4181 2719 4218 urnam
2766 4167 2837 4216 M
2860 4167 2881 4234 ΙΙ
2908 4173 2937 4218 8
2980 4167 3053 4218 ad
3088 4167 3271 4222 Minoe

719 4251 786 4290 em
825 4237 1296 4288 Autissiodorensi
1329 4233 1428 4302 (G)
1463 4235 1592 4290 haec
1631 4233 1918 4302 exscripsit
1952 4233 2219 4302 Hayenus
2256 4231 2437 4288 Minos
2482 4233 2629 4288 iouis
2672 4237 2731 4286 et
2770 4251 2973 4302 europe
3016 4235 3159 4290 filius
3196 4239 3271 4290 ob

717 4305 990 4358 iustitiam
1033 4303 1282 4358 iudicare
1317 4303 1524 4358 meruit
1569 4303 1716 4374 apud
1763 4303 1971 4356 inferos
2022 4317 2119 4370 per
2168 4303 2371 4356 sortem
2418 4319 2601 4356 rerum
2656 4319 2847 4358 causas
2896 4305 3177 4374 quaesiuit
3214 4311 3269 4362 .i.

717 4377 884 4430 iudex
923 4377 1230 4428 animarum
1275 4375 1422 4444 apud
1457 4373 1680 4430 inferos,
1707 4375 1726 4442 ΙΙ
1755 4373 2101 4442 quaesitores
2142 4375 2327 4426 autem
2368 4373 2429 4428 F
2448 4376 2467 4441 ΙΙ
2496 4381 2527 4428 9
2562 4375 2847 4446 minonym
2890 4377 2941 4430 R
2998 4377 3269 4434 minorem

715 4447 828 4500 As
871 4447 1212 4516 (minoemu
1269 4445 1512 4500 minoum
1553 4447 1596 4512 3)
1665 4445 1888 4500 minoen
1929 4443 1975 4498 Ο
2014 4447 2035 4514 ΙΙ
2090 4443 2403 4512 introduxit
2440 4445 2509 4496 H
2542 4447 2563 4514 ΙΙ
2620 4451 2685 4500 10
2734 4447 2869 4502 dant
2914 4449 2995 4502 M.
3056 4449 3269 4520 κούρην

717 4521 948 4580 Μίνωος
981 4513 1330 4586 ὀλοόφρονος
1365 4515 1488 4586 (Od.
1533 4515 1606 4570 XI
1647 4517 1770 4584 322)
1809 4515 1934 4570 add.
1976 4515 2281 4572 Fabrici-us
2314 4517 2331 4584 ΙΙ
2380 4533 2543 4570 eacus
2578 4517 2693 4572 ΒΟ
2746 4519 2909 4574 cacus
2948 4521 3013 4574 F
3040 4523 3059 4591 ΙΙ
3104 4523 3265 4576 rada-

715 4589 978 4642 manthus
1015 4589 1136 4642 AR
1191 4589 1552 4642 radamantus
1589 4587 1638 4640 O
1645 4587 1710 4640 H
1715 4589 1794 4640 M
1839 4587 2199 4642 radamantes
2238 4585 2303 4640 F
2330 4587 2349 4656 ΙΙ
2400 4593 2459 4638 11
2506 4591 2653 4660 sunt]
2690 4589 2915 4646 fuerunt
2950 4591 3003 4646 G
3038 4593 3057 4662 1]
3100 4599 3165 4648 13
3202 4597 3269 4648 ut

663 4699 668 4704 .
715 4659 950 4714 dicimus
987 4659 1108 4714 ΒΗ
1155 4661 1218 4714 ut
1255 4677 1422 4728 supra
1459 4659 1698 4712 diximus
1739 4659 1808 4710 M
1833 4659 1852 4726 n
1885 4663 1948 4712 16
1990 4661 2047 4714 et
2082 4675 2181 4712 om.
2214 4659 2267 4710 G
2290 4659 2313 4728 ΙΙ
2338 4663 2407 4712 18
2446 4661 2521 4714 ad
2554 4677 2685 4716 vers,
2716 4667 2821 4716 437
2862 4663 3085 4716 Seruius
3128 4665 3267 4720 dicit

713 4731 860 4800 quod
899 4731 1160 4786 homerus
1197 4733 1386 4786 narrat
1415 4731 1694 4800 quomodo
1721 4729 1902 4782 ulixes
1939 4731 2009 4782 ad
2048 4731 2321 4784 infernum
2362 4731 2709 4786 descenderit
2748 4735 2805 4788 et
2840 4733 3149 4788 introducit
3182 4733 3265 4788 ibi

713 4803 974 4856 achillem
1017 4821 1138 4856 cum
1181 4821 1242 4858 eo
1283 4803 1604 4872 loquentem
1635 4803 1692 4854 ct
1719 4801 1997 4856 dicentem
2030 4803 2177 4870 quod
2206 4799 2407 4854 melius
2442 4803 2619 4858 uellet
2656 4803 2803 4872 apud
2836 4821 3073 4872 superos
3108 4821 3265 4860 men-

713 4873 900 4928 dicare
939 4891 1104 4940 quam
1143 4877 1294 4944 apud
1329 4875 1538 4928 inferos
1573 4889 1806 4942 regnare
1843 4873 1908 4926 in
1933 4891 2103 4944 marq.
2142 4873 2189 4926 T
2212 4875 2231 4940 ΙΙ
2260 4893 2425 4926 Fertne
2452 4875 2509 4926 A
2548 4875 2669 4944 (vnn
2700 4891 2851 4944 supr.
2884 4891 3017 4930 vers,
3046 4879 3175 4932 add.
3206 4881 3263 4944 α)

711 4947 726 5016 q
771 4951 834 4998 19
873 4961 932 4998 se
969 4941 1234 5000 libentius
1273 4945 1328 4998 R
1353 4947 1374 5016 ΙΙ
1401 4951 1468 5000 20
1505 4943 1804 5014 imperare]
1843 4943 2075 4998 Homeri
2108 4959 2293 4998 versus
2332 4943 2431 4998 Od.
2468 4945 2547 4998 XI
2574 4951 2851 5018 4895-491
2898 4947 3025 5002 add.
3054 4947 3261 5002 Fabri-

711 5019 832 5070 cius
867 5017 888 5084 ΙΙ
943 5019 1002 5068 21
1053 5031 1282 5082 superus
1321 5033 1386 5070 ca·
1425 5017 1672 5086 superius.
1713 5015 1788 5068 M
1821 5017 1840 5082 ΙΙ
1897 5021 1963 5070 23
2002 5033 2135 5070 FA'PA
2176 5033 2407 5070 0110111111·
2448 5015 2501 5070 R
2512 5017 2579 5070 H
2586 5019 2663 5070 M
2718 5037 2813 5070 FAs
2854 5037 3049 5070 ons‘rA'r
3086 5019 3267 5082 ΕΑΒ

711 5105 804 5142 eAs
843 5103 1038 5140 ons‘rxr
1081 5083 1128 5136 Ο
1151 5089 1470 5154 1111118110νο
1509 5105 1674 5142 PALvs
1713 5085 1776 5140 F
1797 5089 1816 5154 ΙΙ
1841 5093 1910 5140 23
1947 5085 2151 5141 tristiti
2188 5085 2371 5154 01124
2412 5093 2541 5142 eunt
2578 5089 2625 5142 Ο
2648 5091 2667 5158 ΙΙ
2700 5093 2771 5142 25
2810 5089 2941 5156 quia
2978 5107 3077 5144 om.
3122 5091 3195 5142 M
