3900 5784
1295 627 1522 684 COMM.
1557 629 1640 684 ΙΝ
1677 627 1892 684 VERG.
1927 627 2099 684 AEN.
2142 629 2217 684 VI
2258 635 2551 686 429-—445.
3120 627 3201 692 67

657 797 1144 884 quaesiverunt,
1197 789 1444 858 dicunt·
1477 795 1654 860 intra
1693 819 1926 860 novem
1980 795 2099 858 hos
2148 797 2369 860 mundi
2414 797 2685 860 circulos
2738 795 3017 862 inclusas
3068 815 3205 858 esse

655 907 948 984 virtuteS,
999 903 1066 964 in
1111 897 1340 984 quibus
1391 905 1454 966 et
1501 903 1870 968 iracundiae
1915 909 2065 966 sunt
2120 907 2177 966 et
2222 903 2613 986 cupiditates
2624 955 2639 988 ,
2684 903 2761 966 de
2808 903 3041 988 quibus
3090 899 3207 966 tri-

655 1011 834 1078 stitia
883 1005 1190 1086 nascitur,
1241 1005 1302 1068 id
1353 1013 1450 1072 est
1501 1007 1680 1092 Styx.
1757 1009 1918 1074 unde
1970 1011 2127 1074 dicit
2168 1031 2405 1074 novem
2454 1031 2595 1074 esse
2642 1011 2913 1076 circulos
2966 1009 3205 1094 Stygis,

655 1141 812 1204 quae
869 1115 1108 1180 inferos
1167 1111 1400 1200 cingit,
1451 1115 1522 1178 id
1573 1119 1676 1180 est
1721 1121 1995 1200 terram,
2048 1119 2125 1180 ut
2174 1115 2453 1180 diximus
2510 1137 2705 1200 supra
2756 1117 2999 1200 <127>2
3050 1137 3205 1182 nam

653 1227 874 1290 dicunt
921 1223 1082 1286 alias
1135 1241 1274 1284 esse
1317 1221 1726 1308 purgatiores
1777 1225 1959 1284 extra
2008 1223 2127 1286 hos
2174 1223 2445 1284 circulos
2496 1225 2873 1302 potestates
3246 1239 3273 1286 5

823 1329 970 1392 440.
1047 1345 1330 1392 PARTEM
1371 1345 1526 1392 Fvsi
1561 1343 2077 1392 MONSTRANTVR
2118 1343 2189 1392 IN
2246 1343 2495 1390 OMNEM
2538 1327 2759 1408 plures
2806 1331 2945 1392 vult
2996 1335 3202 1394 osten-

649 1439 796 1502 dere
841 1457 950 1500 eos
1001 1437 1066 1500 in
1115 1433 1346 1520 quibus
1395 1433 1596 1498 libido
1647 1433 2035 1496 dominatur.

827 1545 976 1608 441.
1051 1557 1420 1608 LVGENTES
1469 1557 1676 1606 CAMPI
1725 1539 1908 1622 quasi
1958 1539 2147 1604 ‘lucis
2182 1539 2711 1624 egentes':·quod
2764 1545 2827 1604 et
2876 1543 3205 1608 amoribus

655 1651 966 1736 congruit.

821 1759 970 1820 442.
1045 1771 1274 1820 DvRvs
1319 1769 1520 1818 AMOR
1563 1753 1838 1836 inmitis,
1891 1753 2327 1818 inexorabilis.
2494 1769 2671 1816 TABE
2720 1773 3021 1818 PEREDIT
3070 1751 3203 1818 eor*
3248 1773 3311 1818 10

653 1887 808 1950 pore
857 1863 1174 1926 defluente
1221 1859 1560 1942 paulatim.

823 1971 974 2034 443.
1049 1983 1334 2034 SEORETI
1387 1983 1658 2030 CELANT
1707 1983 1973 2032 cAnnns
2036 1965 2405 2030 amantibus
2456 1969 2745 2052 congrui.
2920 1967 3207 2034 MYRTEA

651 2097 848 2144 SILVA
903 2097 1064 2160 quae
1119 2077 1216 2140 est
1267 2073 1504 2138 Veneri
1553 2077 1942 2140 consecrata.

825 2183 976 2246 444.
1053 2199 1282 2248 cvRAE
1327 2199 1474 2246 NON
1525 2199 1676 2246 IPSA
1727 2201 1800 2246 IN
1849 2199 2091 2244 MORTE
2142 2199 2601 2258 RELINQVVNT
2656 2182 2777 2246 hoc
2826 2185 2951 2262 est,
3014 2185 3207 2250 etiam

649 2293 786 2358 illic
831 2291 1056 2354 amant
1101 2293 1168 2352 et
1211 2289 1458 2352 habent
1503 2291 1912 2372 peractorum
1958 2289 2307 2374 imaginem
2358 2287 2727 2376 criminum,
2786 2289 2951 2354 sicut
3010 2293 3207 2356 etiam
3250 2303 3311 2350 15

651 2401 724 2464 de
775 2401 902 2484 piis
947 2399 1234 2464 dicturus
1285 2401 1386 2462 est
1435 2395 1654 2482 <653>
1701 2419 1894 2482 quae
1949 2397 2213 2482 gratia
2270 2417 2623 2460 curruum
2674 2421 3209 2484 armorumque

649 2509 802 2572 fuit
847 2505 1076 2590 viviS,
1123 2527 1310 2592 quae
1361 2527 1540 2568 cura
1583 2505 1928 2568 nitentes
1978 2525 2293 2588 pascere
2342 2525 2603 2586 eqUOS,
2652 2505 2907 2568 eadem
2960 2505 3211 2592 sequi-

569 2643 580 2658 ·
651 2619 780 2678 tur
823 2613 1110 2676 tellure
1159 2613 1536 2694 repostos.
1615 2605 1770 2676 sane
1807 2611 2153 2694 sciendum,
2186 2613 2263 2672 ut
2302 2609 2579 2674 diximus
2624 2633 2813 2694 supra
2854 2611 2991 2694 <IV
3018 2613 3209 2696 412),

651 2721 830 2806 loqui
871 2741 1018 2782 eum
1055 2717 1132 2780 de
1171 2739 1390 2782 amore
1427 2717 1744 2802 generali,
1771 2717 1961 2782 sicut
2002 2717 2213 2804 etiam⁴
2236 2715 2419 2780 Plato
2462 2717 2531 2780 in
2568 2717 2901 2802 symposio
2940 2721 3207 2784 tractat:

655 2829 818 2892 nihil
867 2825 1038 2890 enim
1083 2809 1356 2888 interest
1405 2823 1554 2908 quid
1603 2823 1746 2910 quis
1795 2827 1995 2908 amet,
2046 2823 2393 2888 dummodo
2440 2845 2657 2888 amore
2706 2829 3017 2890 teneatur.
3098 2849 3207 2892 no·
3250 2839 3313 2886 20

655 2935 922 2998 tandum
985 2931 1180 2996 etiam
1237 2967 1306 2976 -
1363 2955 1512 2994 nam
1567 2955 1788 2996 rarum
1845 2933 1942 2994 est
2000 2967 2069 2976 -·
2138 2931 2287 3014 quia
2348 2953 2493 2994 cum
2552 2919 2911 2998 masculino
2976 2953 3209 3018 genere

655 3063 848 3122 supra
901 3061 1050 3102 usus
1099 3039 1206 3120 sit,
1267 3039 1334 3100 ut
1385 3037 1600 3120 <442>
1651 3038 1774 3102 hic
1817 3059 2007 3120 quos
2052 3039 2279 3102 durus
2338 3057 2569 3122 amor,
2630 3043 2889 3102 tantum
2942 3039 3203 3104 femina-

651 3169 796 3210 rum
839 3145 1030 3228 ponit
1075 3145 1398 3228 exempla,
1443 3167 1572 3208 non
1623 3167 1748 3228 quo
1797 3143 2013 3208 desint
2048 3145 2195 3228 viri,
2248 3143 2357 3208 sed
2396 3143 2591 3228 elegit
2632 3167 2853 3210 sexum
2890 3147 3207 3232 inpatien-

649 3257 784 3318 tem
847 3253 926 3318 ad
997 3251 1372 3316 amandum:
1437 3255 1656 3316 tamen
1711 3251 1908 3336 paulo
1970 3255 2123 3336 post
2174 3253 2375 3316 etiam
2432 3249 2709 3336 Sychaei
2762 3253 3051 3320 facturus
3110 3259 3209 3320 est

653 3361 1344 3426 commemorationem.
3248 3375 3311 3422 25

829 3467 982 3530 445.
1055 3483 1170 3530 HIS
1213 3483 1606 3528 PHAEDRAM
1653 3467 1810 3528 haec
1861 3465 2001 3528 filia
2044 3465 2169 3528 fuit
2210 3465 2449 3530 Minois
2504 3471 2565 3528 et
2612 3465 2997 3550 Pasiphaes,
3050 3491 3211 3534 uxor

651 3573 910 3656 Thesei,
965 3595 1128 3658 quae
1185 3573 1552 3656 privignum
1597 3571 2037 3656 Hippolytum
2094 3595 2311 3638 amore
2372 3577 2561 3656 capta
2620 3573 2693 3636 de
2746 3575 2971 3656 stupro
3018 3575 3209 3642 inter-

649 3681 922 3764 pellavit
963 3683 1032 3742 et
1075 3679 1380 3762 despecta
1427 3677 1592 3764 apud
1655 3681 1961 3742 maritum
2022 3701 2163 3744 eum
2214 3679 2367 3742 falsi
2420 3681 2711 3744 criminis
2768 3681 3017 3754 detulit.
3104 3681 3211 3766 qui

651 3787 856 3852 iratus
899 3785 1222 3850 invocavit
1263 3779 1552 3868 Aegeum
1587 3791 1862 3868 patrem,
1905 3789 1981 3850 ut
2018 3777 2379 3870 Hippolyto
2418 3809 2643 3850 currus
2678 3789 2955 3870 agitanti
2992 3791 3209 3852 inmit-

795 4017 826 4066 8
865 4029 1132 4066 nvan'rEs
1171 4055 1180 4066 .
1215 4057 1226 4068 .
1261 4053 1274 4066 .
1313 4011 1564 4082 egentes]
1607 4011 1674 4064 cf.
1713 4011 1844 4066 Isid.
1887 4011 2001 4066 diff.
2042 4013 2189 4066 verb.
2232 4017 2333 4064 227

797 4233 824 4280 1
865 4227 1060 4280 dicunt
1095 4243 1194 4280 om.
1231 4227 1340 4282 AS
1365 4229 1384 4298 ΙΙ
1411 4227 1686 4282 1116166666
1727 4227 1836 4280 AS
1875 4227 2055 4296 (prius
2092 4245 2129 4280 6
2164 4227 2267 4282 dez,
2302 4229 2361 4296 a)
2416 4227 2677 4282 inclaisas
2720 4227 2783 4280 H
2804 4229 2823 4296 ΙΙ
2852 4233 2885 4280 2
2920 4227 3211 4282 iracundia

653 4297 718 4350 H
741 4301 820 4368 113
863 4295 1018 4350 decit
1055 4297 1114 4350 F
1135 4300 1156 4367 ΙΙ
1183 4317 1324 4366 quae
1363 4299 1598 4352 circulos
1639 4297 1840 4352 inferos
1881 4297 2057 4368 cingit
2096 4299 2159 4352 F
2176 4299 2195 4367 ΙΙ
2234 4305 2267 4350 4
2302 4299 2363 4350 id
2402 4301 2487 4352 est
2522 4299 2585 4350 ut
2624 4317 2789 4368 supra
2826 4299 3061 4354 diximus
3104 4303 3209 4354 ter-

1333 4401 1360 4428 r
2990 4407 2993 4412 .

653 4455 772 4494 ram
813 4439 886 4492 M
927 4441 946 4506 ΙΙ
991 4443 1026 4492 5
1063 4441 1426 4510 purgationes
1465 4439 1516 4494 Ο
1551 4443 1570 4510 ss
1619 4443 1953 4510 potestat-,est
1994 4441 2053 4494 F
2082 4443 2103 4508 ΙΙ
2150 4449 2179 4496 6
2216 4461 2435 4496 PERFvsi
2476 4441 2547 4494 M
2576 4443 2597 4512 ΙΙ
2646 4461 2821 4494 06666
2864 4443 2909 4492 ,·1
2952 4445 3113 4512 (corr.
3150 4443 3207 4510 α)

659 4529 826 4564 onnus
859 4511 930 4562 M
955 4511 974 4578 ΙΙ
1005 4515 1038 4562 8
1075 4511 1156 4582 et]
1197 4513 1368 4566 etiam
1403 4515 1476 4566 M
1499 4515 1520 4584 ΙΙ
1549 4519 1612 4568 12
1653 4513 1800 4580 quod
1837 4513 2159 4568 amantibus
2194 4513 2453 4584 congruit
2484 4513 2539 4566 R
2594 4513 2911 4568 amantibus
2952 4515 3211 4584 congruit

655 4581 718 4632 H
747 4585 766 4654 ΙΙ
813 4587 880 4634 13
919 4597 1060 4648 quae
1099 4583 1188 4636 est
1221 4599 1322 4638 om.
1363 4583 1596 4638 FGAS
1643 4585 1662 4652 ss
1707 4587 1774 4638 15
1809 4583 2115 4652 imaginem
2156 4585 2423 4638 scelerum
2462 4585 2519 4638 R
2572 4583 2867 4638 criminum
2906 4583 3209 4656 imaginem

655 4651 712 4704 F
733 4657 754 4722 11
787 4659 848 4706 16
889 4653 952 4704 ut
987 4669 1132 4720 quae
1173 4653 1234 4708 F
1255 4655 1276 4724 ΙΙ
1301 4671 1558 4710 cursuum
1597 4655 1668 4710 H
1683 4655 1702 4723 ΙΙ
1737 4661 1800 4708 17
1839 4671 1983 4722 quae
2024 4675 2155 4710 cura
2192 4701 2201 4708 .
2240 4699 2253 4710 .
2284 4699 2295 4710 .
2336 4657 2589 4722 repostos
2630 4671 2729 4710 om.
2772 4653 3119 4724 annitentis
3158 4657 3213 4710 R

655 4721 670 4792 ,ζ
711 4731 778 4778 18
815 4739 982 4792 supra
1025 4723 1264 4780 diximus
1303 4727 1378 4780 M
1417 4729 1436 4796 ΙΙ
1485 4733 1548 4782 19
1587 4725 1898 4794 simphosio
1933 4725 1991 4778 R
2046 4727 2369 4796 symphosio
2408 4725 2541 4780 ΑΗ
2588 4725 2895 4794 synphosio
2932 4729 3011 4782 M
3060 4747 3209 4798 sym-

651 4793 856 4860 posiiio
901 4791 958 4844 F
989 4795 1012 4862 u
1055 4801 1124 4848 20
1165 4797 1322 4866 qnid]
1365 4797 1490 4866 quis
1531 4797 1586 4850 F
1609 4801 1630 4866 ΙΙ
1665 4797 1975 4848 fioraudum
2016 4797 2183 4852 etiam
2226 4797 2287 4850 F
2314 4797 2333 4864 ΙΙ
2378 4801 2441 4848 22
2482 4797 2567 4848 his
2610 4797 2683 4848 M
2712 4799 2733 4866 ss
2776 4803 2845 4850 23
2884 4801 3017 4870 quo]
3058 4797 3209 4866 quod

655 4861 842 4918 FGH
881 4865 902 4934 ΙΙ
951 4869 1024 4920 26
1069 4865 1208 4920 haec
1251 4869 1366 4922 filia
1405 4869 1534 4938 fuit]
1579 4869 1698 4922 Hoc
1739 4885 1804 4920 ex
1839 4867 2081 4920 Homero
2126 4869 2247 4938 (Od.
2288 4867 2365 4920 XI
2402 4869 2529 4934 321)
2566 4867 2819 4936 Φαίδρην
2860 4887 2917 4922 τε
2958 4867 3209 4938 Πρόκριν

659 4953 712 4986 τε
747 4937 870 4988 ἴδον
903 4933 1078 5002 καλήν
1109 4935 1162 4990 τ’
1197 4933 1502 5008 Ἀριάδνην.
1559 4937 1814 4992 Phaedra
1849 4937 1957 4990 fuit
1996 4937 2115 4992 filia
2144 4939 2441 4992 Fabricius
2468 4938 2489 5005 ΙΙ
2516 4935 2813 5006 pasiphaes
2846 4941 2913 5008 Η
2918 4961 2931 4992 :
2976 4941 3207 5010 pasiphe

653 5005 704 5054 A
761 5005 994 5078 pasiphe
1051 5007 1094 5060 S
1157 5011 1370 5078 pasifae
1421 5011 1468 5064 O
1477 5011 1552 5064 M
1611 5009 1874 5080 passiphe
1915 5007 1975 5060 F
2034 5009 2325 5076 passiphes
2366 5007 2417 5060 R
2472 5013 2493 5076 ΙΙ
2544 5025 2679 5064 uxot·
2726 5011 2927 5066 Thesei
2974 5029 3071 5064 om.
3118 5011 3163 5064 0
3192 5011 3209 5078 3}

655 5091 824 5126 uxore
865 5073 928 5128 F
945 5079 964 5142 ΙΙ
1015 5083 1078 5130 28
1119 5079 1320 5136 falsum
1361 5083 1462 5149 Fu
1505 5079 1728 5148 detulit]
1769 5079 1983 5132 leido'ta,
2020 5095 2281 5148 superser.
2320 5097 2359 5132 α

2710 5169 2785 5224 5*
