3900 5784
719 653 850 716 226
1875 639 2119 708 suuvn

711 815 1000 896 quamvis
1039 813 1160 878 alii
1201 813 1414 876 dicant
1447 813 1578 878 ideo
1619 811 1798 896 ‘teryo
1837 813 2049 898 bovis',
2096 815 2261 896 quod
2288 815 2379 878 ad
2408 833 2591 878 aram
2636 813 2985 878 maximam
3026 813 3273 894 aliquid

709 921 948 986 servari
993 921 1064 984 dc
1111 923 1288 984 tauro
1333 919 1514 998 nefas
1555 925 1672 996 est,·
1721 941 1874 984 nam
1905 925 1967 984 et
2000 923 2237 986 corium
2278 921 2453 984 illius
2498 921 2817 984 mandunt.
2974 935 3267 984 LVSTRA-

709 1043 910 1090 LIBVS
973 1031 1088 1092 aut
1145 1025 1522 1114 pinguibus:
1585 1027 1780 1090 moris
1845 1025 2015 1090 enim
2078 1025 2291 1090 fuerat
2348 1025 2665 1110 completo
2726 1027 2933 1090 lustro
2990 1025 3263 1112 pingues

709 1133 1006 1196 victimas
1063 1133 1288 1196 offerre
1351 1155 1670 1198 censores:
1735 1137 1848 1198 aut
1903 1137 2073 1196 certe
2130 1133 2205 1196 de
2262 1133 2729 1218 quinquennali
2788 1133 2981 1218 bove,
3042 1133 3111 1198 id
3166 1137 3267 1196 est

639 1259 670 1306 5
707 1239 1030 1324 perfectae
1089 1241 1354 1304 aetatis:
1411 1263 1566 1304 nam
1615 1239 1936 1304 Homerus
1988 1241 2141 1304 dicit
2186 1241 2387 1304 πίονα
2432 1239 2893 1324 πενταέτηρον.
2960 1245 3075 1304 aut
3116 1241 3265 1322 quia

693 1367 814 1430 per
857 1349 1348 1430 quinquennium
1391 1349 1542 1430 ipsis
1577 1349 1844 1412 victimis
1887 1349 2033 1412 urbs
2078 1349 2341 1412 lustrari
2382 1347 2623 1412 solebat.
2696 1347 2813 1412 alii
2848 1349 3101 1430 proprie
3144 1345 3263 1410 ‘lu-

703 1451 952 1520 stralia'
1003 1457 1216 1520 dicunt
1255 1475 1410 1538 quae
1455 1455 1692 1520 derebus
1739 1455 2027 1520 manibus
2062 1459 2303 1538 accepta
2342 1455 2409 1518 in
2448 1473 2631 1518 aram
2666 1453 2953 1536 pontifeae
2994 1455 3089 1518 vel
3128 1473 3261 1518 cen-

709 1583 810 1628 sor
855 1565 1134 1644 inponit:
1177 1547 1336 1646 Quae
1381 1583 1506 1628 non
1535 1567 1959 1646 prosecuntur.

889 1673 1032 1736 184.
1107 1687 1484 1748 PosrovAM
1519 1687 1858 1736 EXEMPTA
1891 1687 2119 1736 FAMEs
2156 1687 2247 1734 ET
2274 1685 2471 1734 AMOR
2504 1685 2949 1734 conrnussvs
2988 1685 3261 1734 EDENDI

605 1793 670 1842 10
707 1781 1054 1862 postquam
1107 1781 1170 1842 et
1215 1777 1588 1844 necessitati
1637 1779 1792 1840 satis
1841 1777 2083 1842 factum
2132 1781 2233 1842 est
2276 1781 2345 1842 et
2384 1777 2727 1862 voluptati.

595 2327 662 2372 15

591 2859 658 2906 20

591 3389 658 3438 25

889 1885 1030 1950 185.
1105 1909 1222 1948 REX
1263 1909 1504 1962 EJ'ANDR
1513 1909 1580 1948 rs
1627 1889 1740 1948 aut
1777 1905 1904 1950 non
1947 1885 2213 1948 servavit
2250 1885 2521 1950 nominis
2564 1883 3065 1950 declinationem:
3108 1905 3259 1948 nam

703 1989 1048 2056 ‘munder’
1095 1991 1276 2072 facit,
1319 1991 1484 2054 sicut
1521 1991 1650 2072 ipsc
1685 1991 1840 2054 alibi
1875 1989 1979 2072 <X
2006 1991 2179 2074 515>
2220 1991 2485 2056 Pallas
2516 1991 2873 2056 Euander
2918 1991 2997 2054 in
3038 1991 3259 2074 ipsis.-

701 2101 814 2162 aut
851 2117 1062 2180 yraece
1107 2097 1436 2160 declinavit
1483 2089 1514 2160 ὁ
1567 2091 1938 2180 Εὔανδρος.
2120 2113 2267 2162 NON
2314 2113 2501 2162 HAEC
2554 2099 2767 2162 variat
2824 2099 2889 2162 in
2938 2119 3065 2162 uno
3112 2121 3255 2180 pro-

699 2203 962 2266 nomine
1011 2201 1172 2268 ‘non
1219 2201 1380 2264 haec
1425 2201 1768 2266 sollemnia
1813 2201 2031 2276 nobie,
2078 2201 2199 2264 has
2246 2223 2323 2264 ex
2370 2223 2547 2266 more
2596 2203 2821 2288 dapeS‚
2876 2203 3041 2266 hanc
3090 2203 3291 2266 tanti‘

701 2309 990 2374 numinis
1037 2307 1268 2372 aram'.
2860 2321 2865 2326 ·

883 2417 1026 2480 187.
1101 2433 1288 2480 VANA
1327 2433 1778 2480 SVPERSTITIO
1829 2415 2207 2498 superstitio
2246 2419 2345 2480 est
2386 2417 2589 2480 timor
2632 2415 2989 2500 superfluus
3038 2419 3105 2480 et
3150 2415 3255 2480 de·

697 2525 874 2588 lirus.
949 2525 1060 2586 aut
1111 2525 1188 2588 ab
1231 2523 1508 2588 aniculis
1545 2525 1724 2588 dicta
1767 2523 2145 2606 superstitio
2156 2573 2175 2606 ,
2224 2523 2373 2606 quia·
2418 2523 2661 2588 multae
2710 2523 3095 2606 superstites
3140 2545 3257 2606 per

697 2633 982 2694 aetatem
1037 2629 1316 2696 delirant
1371 2633 1436 2694 et
1495 2631 1726 2696 stultae
1781 2633 1961 2694 sunt:
2020 2633 2135 2696 aut
2192 2629 2541 2694 secundum
2590 2619 2957 2712 Lucretium
3002 2629 3079 2714 <I
3122 2629 3251 2714 66>

699 2735 1078 2820 superstitio
1129 2741 1228 2802 est
1273 2739 1778 2822 superstantium
1825 2759 2069 2820 rerum,
2114 2735 2179 2800 id
2220 2741 2319 2802 est
2356 2735 2731 2802 caelestium
2768 2741 2835 2802 et
2874 2735 3255 2818 divinarum,

699 2865 864 2926 quae
907 2865 1104 2926 super
1149 2865 1270 2910 nos
1321 2847 1524 2928 stant,
1587 2843 1798 2908 inanis
1859 2849 1922 2908 et
1982 2843 2339 2928 superfluus
2378 2843 2599 2908 timor.
2776 2861 3251 2922 ‚VETERVMQVE

697 2969 962 3014 IGNARA
1017 2967 1306 3016 DEORVM
1365 2951 1492 3016 duo
1545 2951 1726 3016 dicit:
1789 2973 1922 3014 non
1978 2951 2121 3016 ideo
2168 2949 2515 3016 Herculem
2576 2951 2849 3014 colimus
2860 3001 2877 3034 ‚
2944 2955 3059 3014 aut
3104 2951 3253 3036 quia

697 3079 956 3122 omnem
1001 3057 1384 3142 religionem
1429 3081 1646 3122 veram
1703 3061 2031 3144 putantne,
2092 3061 2205 3122 aut
2258 3059 2407 3144 quia
2466 3059 2631 3132 deos
2664 3059 3041 3142 ignoramus
3090 3059 3251 3122 anti-

697 3185 878 3248 quos.
971 3167 1230 3240 cautum
1285 3165 1456 3228 enim
1511 3165 1726 3228 fuerat
1765 3167 1838 3244 et
1881 3163 2051 3248 apud
2100 3163 2525 3228 Athenienses
2578 3167 2639 3226 et
2690 3163 2859 3246 apud
2904 3163 3251 3246 RomanOS,

695 3291 776 3334 ne
841 3269 988 3354 quis
1045 3291 1250 3334 novas
1307 3269 1748 3336 introduceret
1789 3269 2169 3356 religiones:
2234 3269 2421 3334 unde·
2446 3273 2509 3334 et
2558 3267 2853 3336 Socrates
2912 3269 3251 3336 damnatus

699 3381 796 3440 est
845 3381 908 3440 et
955 3373 1266 3442 Chaldaei
1321 3377 1430 3442 vel⁴
1471 3377 1694 3442 Iudaei
1749 3381 1902 3442 sunt
1962 3379 2119 3442 urbe
2150 3375 2447 3458 depulsi.
2534 3395 2687 3440 sane
2730 3377 2985 3458 quidam
3032 3381 3253 3440 veteres

839 3529 870 3624 ὲ
907 3571 1010 3624 aut
1043 3569 1396 3638 pinguibus..
1425 3613 1438 3626 .
1473 3611 1486 3624 .
1525 3569 1808 3640 censores]
1855 3569 1920 3626 cf.
1962 3569 2117 3626 Luct.
2154 3569 2311 3622 Plac.
2350 3569 2421 3622 ad
2462 3569 2601 3626 Stat.
2638 3569 2817 3622 Theb.
2854 3569 2877 3622 I
2918 3575 3017 3640 50¹7

841 3755 868 3800 1
907 3749 984 3802 ad
1019 3767 1188 3800 'runco
1217 3763 1370 3816 supr.
1397 3763 1530 3802 vers,
1571 3749 1796 3816 quidam
1839 3745 2033 3800 dicunt
2072 3751 2231 3818 tergo
2264 3749 2567 3818 propterea
2600 3747 2733 3816 quia
2768 3747 2843 3800 ad
2876 3763 3037 3800 aram
3074 3749 3247 3802 maxi-

695 3833 844 3878 mam
883 3817 1096 3888 aliquid
1135 3833 1354 3872 seruare
1389 3819 1460 3872 de
1495 3821 1660 3872 tauro
1701 3819 1856 3872 nefas
1891 3821 2013 3872 erat
2058 3819 2107 3872 T
2156 3821 2177 3890 ΙΙ
2230 3817 2411 3890 bovis]
2456 3817 2601 3872 iouis
2636 3819 2713 3872 F.
2766 3819 3021 3888 ‘terqum'
3062 3835 3249 3874 ‘moneo

697 3891 950 3944 ‘corium⁹
993 3891 1234 3960 intelleqi
1267 3891 1338 3944 ab
1375 3891 1662 3956 interprete
1693 3892 1710 3961 ΙΙ
1753 3889 1830 3944 ad
1865 3907 1967 3946 om.
2002 3889 2079 3946 F.
2116 3907 2215 3944 ara
2248 3887 2309 3944 in
2346 3891 2591 3944 maxima
2624 3889 2775 3944 Lion
2816 3893 2837 3958 ΙΙ
2876 3895 2915 3944 2
2958 3895 3083 3944 ante
3116 3907 3249 3944 nam

693 3963 952 4016 lacunam
989 3961 1258 4016 indicavit
1283 3961 1492 4016 Daniel
1517 3963 1536 4030 {l
1563 3959 1838 4016 mandant
1865 3961 1936 4028 F,
1976 3977 2111 4016 corr.
2138 3961 2351 4016 Daniel
2384 3963 2405 4033 11
2444 3965 2477 4016 5
2512 3979 2687 4016 mom
2710 3977 3083 4016 UGNTdETHPON
3110 3961 3247 4016 AS:

697 4053 828 4088 mou
865 4049 1204 4088 πεΝΤεΤΗΡοΝ
1239 4031 1294 4084 R
1349 4049 1728 4088 ΜΟΝΑΝΕΝΤΑΕΝ
1763 4031 1816 4084 L
1869 4049 2197 4088 ΜΟΝΛΝΕΝΤΛ.
2238 4049 2323 4088 en.
2360 4049 2487 4102 pon,
2524 4033 2597 4086 H
2654 4049 2975 4088 ΠΤοΝΠεΝΤΑ
3010 4051 3073 4088 er
3108 4049 3249 4086 HPON

697 4103 772 4156 M
823 4121 992 4158 mona
1027 4119 1200 4158 Men-ra
1237 4121 1396 4158 choN
1435 4103 1496 4156 F
1545 4097 1756 4172 ἄρσενα
1795 4101 2179 4172 πενταέτηρον
2216 4103 2485 4158 Homerus
2522 4105 2601 4160 Il.
2638 4103 2743 4156 VlI
2772 4105 2985 4174 315116
3022 4103 3249 4158 lustrari

693 4175 924 4228 Daniel:
967 4173 1246 4228 lustralim
1273 4173 1336 4226 F
1355 4177 1374 4244 ΙΙ
1401 4175 1480 4228 ad
1503 4193 1856 4228 LvsTuAvas
1883 4191 2033 4244 supr.
2066 4191 2197 4230 vers,
2236 4175 2465 4244 quidam
2498 4175 2723 4244 proprie
2760 4175 2957 4228 dicunt
2992 4173 3249 4230 lustralia

695 4261 838 4314 quae
875 4247 1132 4298 manibus
1171 4245 1388 4300 duabus
1423 4245 1516 4298 uel
1555 4261 1750 4300 censor
1785 4247 1880 4300 uel
1915 4245 2169 4314 pontifex
2204 4247 2363 4314 ponit
2396 4247 2459 4298 in
2492 4263 2643 4298 aram
2694 4245 2743 4298 Τ
2780 4247 2801 4316 ΙΙ
2850 4251 2913 4298 10
2952 4249 3247 4316 postquam

695 4317 884 4370 autem
919 4315 976 4368 L
1001 4318 1018 4385 ΙΙ
1045 4315 1400 4370 necessitatis
1433 4315 1644 4370 factum
1673 4317 1736 4370 F
1757 4317 1774 4386 ΙΙ
1805 4315 1940 4370 satis
1978 4331 2079 4370 om.
2108 4315 2159 4368 L
2200 4317 2351 4384 (add.
2378 4319 2419 4384 l)
2450 4319 2471 4386 ΙΙ
2498 4323 2567 4370 13
2604 4333 2865 4370 erauaroc
2900 4317 2963 4370 F
2984 4317 3001 4386 ΙΙ
3036 4323 3101 4370 14
3136 4317 3245 4370 sol—

693 4385 944 4456 lempnia
971 4387 1030 4438 F
1055 4389 1072 4456 ΙΙ
1105 4391 1168 4438 16
1209 4385 1428 4440 delei-us
1467 4385 1520 4438 R
1579 4384 1768 4442 dilisus
1801 4387 1862 4442 F
1883 4387 1900 4458 [Ι
1933 4395 1997 4442 17
2036 4385 2361 4456 superstitio
2398 4391 2487 4442 est
2512 4389 2571 4442 R
2596 4389 2613 4458 ΙΙ
2642 4387 2799 4460 quia]
2840 4405 2981 4456 quae
3016 4387 3199 4442 ASF
3230 4385 3249 4458 l!

697 4457 906 4514 multae
943 4457 1076 4510 LH·
1107 4457 1296 4510 ⁴multe
1335 4457 1414 4508 R:
1453 4457 1642 4510 multis
1681 4457 1792 4512 AS
1847 4457 2009 4512 multi
2048 4457 2111 4512 F
2158 4455 2421 4512 mulieres
2460 4459 2545 4512 M.
2588 4459 2655 4526 cf.
2690 4459 2829 4514 [sid.
2866 4475 2947 4512 or.
2976 4459 3107 4512 VIII
3134 4465 3187 4528 3,
3214 4463 3245 4512 6

703 4529 828 4584 ‘alii
865 4531 1060 4584 dicunt
1099 4529 1232 4598 (scil.
1261 4529 1698 4596 superstitionem
1733 4529 1936 4584 dictam
1964 4533 2093 4598 esse)
2126 4547 2165 4584 a
2192 4529 2427 4596 senibuS,
2464 4531 2597 4598 quia
2630 4531 2823 4584 ‘multis
2858 4529 3023 4584 anuis
3060 4547 3245 4598 super-

587 4663 592 4666 ,
695 4603 846 4656 etites
871 4619 978 4670 per
1013 4607 1240 4656 aetatem
1275 4599 1534 4654 deliraut'
1581 4605 1628 4652 et
1663 4601 1924 4670 mychoyr.
1966 4601 2041 4654 III
2072 4607 2117 4668 5,
2150 4607 2183 4654 2
2226 4601 2345 4654 ‘hoe
2378 4607 2561 4652 autem
2594 4601 2677 4654 vel
2714 4601 2781 4652 ab
2822 4601 3063 4656 aniculis
3096 4603 3247 4658 ultra

695 4675 1134 4742 consuetudinem
1167 4673 1444 4726 humanae
1469 4671 1610 4724 vitae
1635 4675 2037 4740 superstitibus5
2076 4677 2205 4728 teste
2230 4669 2441 4736 ServiO,
2474 4673 2795 4726 vocabulum
2828 4679 3101 4742 sumptum
3126 4673 3245 4730 (ἐπ’.

693 4743 840 4796 Dori.
879 4747 970 4800 ad.
1013 4745 1134 4798 Ter.
1173 4745 1356 4796 Andr.
1393 4743 1474 4796 111
1507 4745 1558 4808 2,
1601 4747 1628 4796 7
1671 4745 1690 4812 ll
1737 4749 1804 4796 18
1843 4745 2075 4798 dilirant
2108 4739 2233 4796 LF
2272 4743 2293 4810 ΙΙ
2340 4747 2403 4796 19
2444 4745 2527 4796 est
2566 4741 2621 4794 et
2660 4743 3093 4810 superstantium
3128 4745 3195 4798 H
3226 4743 3245 4814 ΙΙ

693 4831 1042 4876 vnruuvmovn
1081 4815 1244 4868 RM:
1281 4831 1596 4868 VETERVMVE
1631 4815 1832 4882 reliqui
1857 4817 1874 4886 ΙΙ
1909 4821 1979 4868 22
2018 4815 2231 4880 Veram]
2268 4829 2423 4868 ream
2462 4811 2529 4864 H
2552 4815 2569 4882 Η
2606 4815 2705 4866 aut
2742 4811 2877 4880 quia.
2914 4817 3049 4870 deos
3084 4817 3245 4884 igno-

693 4901 878 4938 ramus
951 4887 1102 4956 apud
1137 4887 1294 4954 (aput
1331 4885 1408 4952 A)
1455 4883 1716 4952 antiquos
1753 4889 1900 4940 enim
1941 4889 2165 4940 cautum
2204 4883 2387 4958 fwrat
2424 4883 2599 4936 ΑΒΕ
2624 4947 2627 4950 ,
2652 4885 2671 4954 ΙΙ
2724 4889 2793 4938 23
2832 4889 3059 4940 cautum
3096 4887 3245 4940 enim

693 4955 902 5026 fuerat]
941 4973 1076 5012 nam
1113 4957 1424 5024 statuntum
1465 4957 1644 5010 fuerat
1687 4955 1758 5010 M
1783 4959 1802 5026 ΙΙ
1843 4963 1912 5012 25
1952 4955 2065 5026 vel]
2106 4957 2163 5008 et
2200 4953 2507 5024 Stephanus
2536 4955 2555 5024 ΙΙ
2588 4971 2721 5020 sane
2756 4949 2987 5024 quidam
3026 4975 3065 5012 e.
3094 4975 3143 5026 q.
3174 4957 3241 5028 3.]

695 5029 762 5096 ef.
801 5029 1012 5084 Arnob.
1053 5029 1174 5084 adv.
1215 5035 1330 5084 nat.
1369 5027 1450 5080 ΙΙΙ
1487 5031 1556 5080 38
1583 5045 1656 5096 sq.
1717 5031 1862 5084 unde
1897 5027 2263 5084 dubitandum
2300 5043 2405 5080 esse
2444 5021 2649 5102 videblis
2686 5033 2891 5084 rectene
2926 5033 3119 5084 veteres
3158 5029 3247 5084 dei

695 5101 956 5156 dicantm·
991 5101 1318 5168 novensiles,
1353 5099 1402 5154 si
1441 5099 1564 5168 quis
1599 5115 1686 5154 eos
1721 5117 1786 5154 ex
1825 5099 2129 5156 hominibus
2166 5099 2341 5164 factos
2372 5099 2665 5202 intellegat.

2572 5227 2585 5258 l!

2546 5263 2573 5318 ll
