3900 5784
1293 615 1518 672 COMM.
1555 615 1638 668 IN
1673 615 1890 672 VERG.
1929 617 2095 672 AEN.
2140 621 2269 674 Vm
2306 627 2605 678 svs-681.
3080 619 3209 684 299

657 783 878 848 navali
925 783 1278 846 certamine
1323 783 1494 846 eirea
1539 777 1800 846 Aetium
1845 781 2035 864 Epiri
2080 785 2629 866 promunturium:
2690 785 2799 850 ubi
2860 783 3013 850 vieti
3058 789 3211 848 sunt

657 891 978 954 Antonius
1041 893 1102 954 et
1149 889 1500 974 Cleopatra
1551 891 1620 952 et
1669 885 1740 950 in
1791 887 2017 972 fugam
2062 891 2283 954 6036131.
2376 897 2605 972 postea
2658 893 2871 958 occiso
2916 891 3209 960 Antonio

653 999 768 1062 illa
813 999 936 1062 sibi
987 1003 1312 1082 serpentes
1367 995 1674 1062 adhibuit.
1773 997 1882 1060 sed
1929 997 2083 1080 quia
2134 999 2285 1062 belli
2332 997 2537 1062 civilis
2586 999 2951 1082 triumphus
2998 1001 3207 1086 turpis

655 1105 936 1188 videtur,
985 1107 1242 1170 laborat
1283 1107 1476 1188 poeta
1523 1107 1596 1166 ut
1635 1103 1868 1188 probet
1903 1103 2143 1170 iustum
2182 1103 2425 1170 bellum
2464 1107 2691 1188 fuisse,
2740 1105 2955 1170 dicens
2988 1107 3209 1192 Augu-

657 1219 826 1278 stum
877 1235 1016 1278 esse
1061 1213 1230 1278 ‘eum
1269 1211 1560 1296 patribus
1603 1211 1973 1296 populoque
2012 1213 2357 1296 penatibus
2392 1215 2459 1278 et
2496 1213 2749 1296 magnis
2784 1211 2935 1296 diest,
2986 1217 3211 1280 eontra

657 1343 800 1386 oum
847 1321 1138 1386 Antonio
1183 1319 1422 1384 auxilia
1467 1317 1812 1404 peregrina
1863 1323 1926 1384 et
1974 1323 2387 1384 monstruosa
2430 1317 2723 1404 Aegypti
2768 1319 3051 1382 numina.
3144 1325 3211 1386 et

657 1449 722 1492 re
771 1449 922 1494 vera
965 1429 1036 1492 in
1079 1427 1360 1492 exercitu
1411 1425 1682 1492 Antonii
1731 1449 1953 1490 omnes
2004 1425 2267 1490 barbari
2308 1425 2605 1490 fuerunt:
2650 1425 2821 1512 quod.
2872 1429 2933 1488 et
2980 1425 3209 1512 Vergi-

657 1535 784 1600 lius
839 1535 1000 1600 dicit
1043 1533 1440 1620 ‘Aegyptum
1491 1533 1782 1618 viresque
1827 1533 2113 1598 Orientis
2168 1537 2363 1618 atque
2414 1533 2651 1596 ultima
2708 1553 2923 1596 seeum
2972 1533 3213 1598 Baetra

657 1641 890 1706 vehit'.
981 1643 1150 1706 unde
1197 1641 1398 1706 etiam
1441 1641 1522 1704 de
1563 1641 1698 1704 hoe
1737 1641 1910 1704 bello
1960 1639 2095 1726 egit
2142 1631 2569 1724 triumphum:
2634 1661 2755 1704 nee
2806 1639 2981 1704 enim
3024 1641 3211 1704 civile

661 1753 956 1834 putatum
1019 1753 1144 1830 est,
1197 1749 1370 1830 quod
1423 1749 1876 1812 tantummodo
1921 1747 2219 1812 Romano
2278 1749 2431 1812 duee
2492 1751 2749 1832 gestum
2802 1751 2929 1830 est,
2994 1749 3105 1830 qui
3148 1751 3215 1812 et

661 1857 800 1940 ipse
837 1857 1158 1920 barbarae
1197 1855 1522 1920 serviebat
1555 1855 1768 1934 uxori,
1803 1855 1965 1918 adeo
2006 1857 2077 1918 ut
2116 1855 2437 1938 praetoria
2476 1855 2533 1918 ei
2572 1857 2785 1920 eastra
2822 1855 3215 1938 concederet,

661 1985 930 2046 quorum
993 1961 1098 2046 qui
1155 1961 1528 2046 potiebatur
1579 1961 1884 2046 imperio,
1935 1963 2071 2046 ipse
2134 1963 2407 2028 vocabat
2462 1963 2835 2026 exereitum:
2890 1963 3065 2024 unde·
3118 1965 3217 2026 est

657 2069 776 2134 illo
819 2071 964 2134 1060
1017 2069 1090 2132 (16
1143 2065 1488 2152 Cleopatra
1537 2067 1780 2152 ‘patrio
1823 2073 2019 2134 vocat
2062 2071 2323 2154 agmina
2374 2067 2629 2134 sistro':
2688 2091 2841 2132 nam
2888 2067 3215 2134 Antonius

659 2179 998 2242 consulare
1053 2177 1178 2242 sibi
1223 2181 1476 2242 tantum
1535 2175 1812 2240 detinuit
1869 2175 2239 2262 imperium,
2296 2177 2539 2262 intquo
2590 2175 2731 2240 sola
2776 2181 2877 2240 est
2920 2177 3213 2258 potestas

657 2285 938 2350 iubendi.
1031 2285 1140 2348 ille
1199 2285 1370 2348 enim
1431 2285 1610 2348 ducit
1665 2285 2021 2348 exereitum
2074 2283 2185 2368 qui
2242 2283 2439 2348 habet
2498 2283 2563 2346 in
2620 2287 2941 2366 potestate
3002 2287 3217 2348 eastra

657 2391 1000 2476 praetoria.

837 2501 984 2564 679.
1055 2517 1444 2564 PENATIBvs
1505 2517 1592 2562 ΕΤ
1649 2513 1910 2562 MAGNIS
1970 2515 2083 2562 Dis
2148 2499 2261 2562 alii
2314 2521 2515 2562 unum
2572 2499 2803 2562 volunt
2872 2519 3037 2582 esse,
3106 2499 3215 2562 alii

663 2612 996 2690 separant,
1059 2611 1136 2670 ut
1197 2625 1472 2690 magnos
1541 2603 1692 2670 deos
1763 2605 2043 2688 accipias
2108 2603 2325 2670 Iovem
2388 2601 2747 2670 Minervam
2804 2601 3215 2688 Mercurium,

657 2735 818 2796 quos
867 2713 1122 2778 Aeneas
1167 2713 1244 2778 de
1293 2711 1744 2776 Samothracia
1787 2711 2071 2776 sustulit.
2624 2777 2629 2780 ,

837 2821 984 2886 680.
1055 2837 1390 2886 TEMPORA
1413 2835 1746 2886 FLAMMAs
1773 2835 2009 2884 LAETA
2034 2803 2325 2884 vomitur
2368 2819 2757 2884 naturaliter
2792 2819 2965 2884 enim
2996 2819 3215 2904 Augu-

665 2931 804 2992 stus
849 2929 1074 3012 igneos
1127 2927 1346 2992 oculos
1395 2927 1696 2992 habuisse
1749 2925 2005 3010 dieitur,
2050 2925 2211 2988 adeo
2260 2929 2333 2988 ut
2380 2925 2649 2990 obtutum
2694 2929 2823 2992 eius
2870 2949 3041 2992 nemo
3078 2949 3215 2992 con—

661 3039 762 3098 tra
813 3039 1126 3116 aspectare
1175 3039 1406 3114 posset,
1469 3035 1726 3114 denique
1781 3033 2043 3116 quidam
2102 3055 2293 3116 eques
2350 3033 2715 3118 Romanus,
2774 3033 3215 3118 interrogatus

661 3143 740 3206 ab
801 3163 906 3226 eo,
957 3163 1070 3206 eur
1123 3165 1188 3206 se
1243 3141 1378 3208 viso
1421 3145 1702 3208 verteret
1757 3141 2019 3224 faciem,
2080 3141 2311 3204 dixerit
2360 3141 2541 3224 ‘quia
2590 3141 2833 3206 fulmen
2880 3141 3213 3206 oculorum

659 3249 918 3336 tuorum
963 3249 1134 3314 ferre
1179 3271 1310 3314 non
1357 3247 1674 3334 possum',
1723 3249 1892 3312 sieut
1937 3249 2033 3312 ait
2080 3245 2441 3312 Suetonius,

645 3351 652 3360 '
837 3357 984 3422 681.
1057 3375 1410 3422 APERITVR
1463 3373 1770 3422 VERTIOE
1827 3373 2029 3420 smvs
2094 3359 2357 3438 apparet
2404 3355 2581 3420 sidus
2638 3357 2707 3420 in
2762 3357 3025 3440 vertice,
3090 3357 3215 3420 hoc

659 3469 760 3530 est
805 3487 998 3550 super
1043 3465 1314 3548 galeam.
1407 3455 1556 3528 nam
1607 3487 1682 3528 ex
1733 3485 1860 3546 quo
1913 3465 2209 3546 tempore
2266 3483 2383 3546 per
2434 3463 2605 3526 diem
2634 3443 2857 3528 ς6136113,
2908 3465 3049 3528 visa
3098 3467 3215 3548 est,

659 3573 810 3636 dum
861 3573 1328 3638 sacrificaretur
1371 3571 1612 3636 Veneri
1649 3569 1979 3636 Genetrioi
2024 3573 2089 3634 613
2136 3569 2269 3636 ludi
2304 3567 2611 3634 funebres
2648 3567 2911 3634 Caesari
2958 3571 3215 3636 exhibe-

657 3681 908 3764 rentur,
951 3699 1068 3760 per
1115 3679 1392 3744 triduum
1431 3679 1614 3744 stella
1657 3679 1957 3760 apparuit
2002 3681 2067 3744 in
2114 3679 2527 3760 septentrione.
2622 3677 2787 3762 quod
2840 3677 3015 3740 sidus
3064 3675 3211 3742 Gae-

657 3785 822 3852 66163
867 3789 1166 3870 putatum
1211 3789 1312 3852 est
1359 3785 1658 3872 Augusto
1703 3785 2159 3868 persuadente:
2204 3793 2359 3850 nam
2400 3785 2533 3850 ideo
2568 3783 2891 3868 Auyustus
2934 3779 3217 3848 omnibus

3254 1761 3317 1806 10

3256 2297 3317 2346 15

3252 2835 3319 2882 20

3252 3367 3319 3414 25

657 3895 904 3972 statuis,
945 3915 1104 3976 quas
1149 3895 1462 3960 divinitati
1503 3891 1786 3960 Caesaris
1827 3895 2071 3972 statuit,
2118 3893 2277 3958 hanc
2318 3893 2557 3958 stellam
2596 3893 2833 3958 adiecit.
2904 3893 3031 3972 ipse
3076 3915 3213 3956 vero
3250 3903 3319 3950 30

657 3999 976 4082 Auyustus
1015 4003 1080 4064 in
1119 4003 1432 4070 honorem
1471 4001 1676 4086 patris
1719 4001 1977 4066 stellam
2014 4003 2083 4066 in
2122 4001 2305 4086 galea
2348 4001 2557 4086 eoepit
2598 4003 2835 4066 habere
2874 3999 3213 4084 depictam.

801 4203 870 4248 24
909 4195 1230 4268 Suetonius]
1269 4197 1338 4256 of.
1377 4197 1470 4254 vit.
1513 4193 1656 4266 Aug.
1695 4199 1764 4248 ’19

807 4381 830 4428 1
873 4377 1310 4446 promontorium
1339 4377 1448 4432 AS
1503 4375 1983 4444 promunctorium
2020 4375 2139 4428 Rm
2190 4377 2593 4444 promotor-ium
2632 4375 2683 4428 L
2740 4377 3213 4444 promoueturium

651 4449 736 4500 ‘M
789 4447 1212 4514 promunurium
1251 4449 1308 4500 F
1345 4449 1368 4518 ΙΙ
1419 4453 1448 4500 2
1489 4447 1548 4500 in
1583 4461 1682 4500 om.
1725 4445 1834 4498 AS
1845 4447 1898 4500 L
1937 4449 2089 4508 (add.
2128 4449 2215 4516 al)
2260 4449 2281 4516 11
2332 4447 2469 4516 fuga
2504 4463 2529 4500 s
2572 4449 2593 4516 1]
2644 4447 2829 4500 6066131
2866 4447 2917 4500 A
2958 4449 3119 4516 (cor-r.
3154 4449 3213 4516 α)

661 4519 860 4586 coepta
901 4517 942 4572 S
981 4521 1202 4590 (coepta
1241 4523 1326 4574 est
1365 4521 1412 4590 6)
1455 4521 1476 4590 11
1523 4521 1554 4570 3
1593 4515 1878 4588 adhibuit]
1915 4519 2017 4570 sed
2050 4519 2311 4574 antonius
2354 4537 2479 4572 cum
2518 4515 2895 4572 alexandriam
2932 4519 3217 4572 obsideret

661 4589 924 4656 (obsideri
963 4591 1192 4660 Daniel)
1245 4593 1462 4646 uideret
1509 4591 1564 4642 et
1611 4587 1670 4642 in
1707 4605 1774 4640 eo
1811 4605 1932 4642 6666
1980 4593 2043 4644 ut
2092 4591 2215 4658 oapi
2264 4591 2455 4656 posset
2502 4605 2557 4640 se
2598 4587 2783 4656 ipsum
2822 4587 3031 4644 occidit
3066 4591 3213 4644 eleo-

663 4661 826 4728 patra
863 4677 1000 4716 uero
1037 4679 1164 4716 cum
1199 4663 1276 4716 ad
1309 4665 1612 4734 augustum
1649 4659 1796 4712 esset
1831 4659 2077 4716 adducta
2116 4663 2173 4714 et
2206 4661 2267 4714 in
2302 4659 2557 4714 custodia
2600 4675 2719 4712 esse
2756 4659 2905 4714 iussa
2938 4665 3085 4716 esset
3120 4663 3213 4714 ad-

659 4731 828 4786 motis
879 4733 984 4788 sibi
1031 4737 1092 4788 ut
1141 4737 1370 4806 putatur
1415 4729 1768 4804 serpentibus
1811 4731 1995 4784 uitam
2038 4731 2225 4786 finiuit
2268 4731 2395 4786 add.
2434 4729 2499 4782 F
2536 4731 2553 4800 ΙΙ
2614 4737 2643 4782 5
2690 4731 2835 4800 esse]
2892 4731 3061 4786 fuisse
3100 4733 3149 4784 L
3196 4733 3217 4804 ΙΙ

663 4807 692 4854 6
731 4807 1046 4860 monstrosa
1081 4809 1218 4862 LM
1235 4809 1294 4866 F
1341 4809 1716 4878 (monstruosa
1753 4803 1824 4870 m)
1875 4803 1890 4874 [Ι
1947 4809 2013 4858 15
2050 4801 2293 4858 iubentis
2332 4803 2389 4856 R
2442 4799 2679 4856 uiuendi⁴
2714 4801 2773 4854 F
2822 4803 2841 4872 ΙΙ
2896 4809 2961 4858 17
3010 4803 3109 4858 alii
3152 4803 3215 4858 id

661 4891 834 4926 unum
873 4875 932 4928 F
955 4878 972 4946 ΙΙ
1005 4885 1066 4932 22
1111 4885 1398 4950 espectare
1431 4881 1510 4946 F,
1545 4893 1682 4930 corr.
1723 4875 1932 4928 Daniel
1960 4876 1977 4944 ΙΙ
2008 4881 2073 4928 24
2112 4891 2405 4944 possumus
2442 4873 2507 4926 F
2528 4875 2545 4942 ΙΙ
2574 4873 2825 4926 eutonius
2864 4875 2975 4928 AS
3010 4877 3213 4942 (sueto—

659 4941 786 5068 ῗὲΐῗ
803 4947 1026 5084 3⁶32·ssss
1059 4953 1458 5080 {fififflssissfflre
1497 4947 1598 5074 {12¹¹
1623 4943 2005 5070 aazias&
2020 4947 2297 5086 33222‘323‘?
2322 4945 2511 5070 {iwiff'
2524 4943 3003 5084 ἔὲῃὲἷὲἓῖῗῖἃῗᾷἕὲ
3016 4945 3213 5082 ἶῖζξῖ

663 5089 780 5142 stus
825 5087 1046 5142 stellam
1095 5093 1224 5146 libri
1271 5109 1336 5148 ‘ne
1377 5089 1730 5148 Floriacensi
1765 5089 1981 5154 quidem
2018 5093 2263 5154 excepto.-
2304 5103 2635 5156 quamquam
2678 5103 2731 5140 w
2772 5089 2873 5154 qui
2914 5087 3213 5154 pleniorem
3250 5109 3263 5116 ·
