3900 5784
721 663 850 728 162
1433 687 1442 698 ·
1873 651 2115 710 SERVII

715 847 918 890 unum
965 821 1074 886 ‘u'
1121 843 1318 886 causa
1361 825 1552 888 metri
1595 837 1736 886 'esse
1785 819 2165 884 detractum.
2320 835 2591 884 MENSAE
2642 839 2831 886 ERILI
2880 843 3045 886 nove
3088 821 3273 906 dixit,

713 953 866 998 nam
925 951 1102 994 erum
1159 947 1292 992 non
1345 929 1470 994 nisi
1531 929 1858 994 dominum
1919 923 2215 988 dicimusz
2274 925 2401 990 nisi
2454 923 2621 992 forte
2676 929 2819 992 ideo
2878 927 3063 1006 dixit,
3122 929 3275 1012 quia

715 1041 828 1104 dat
873 1037 934 1102 ei
977 1037 1336 1100 humanum
1399 1059 1684 1120 sensum3
1735 1053 1888 1096 nam
1945 1031 2043 1096 ait
2092 1033 2289 1116 paulo
2344 1037 2497 1118 post
2542 1035 2761 1118 <502>
2808 1023 3279 1118 imploranti

715 1143 1020 1210 similis,
2908 1143 2921 1156 '

639 1265 674 1312 15
887 1253 1036 1316 491.
1107 1269 1432 1316 ERRABAT
1471 1267 1692 1316 SILVIS
1731 1247 2147 1332 pascebatur,
2192 1251 2269 1310 ut
2306 1247 2525 1310 mille
2570 1271 2781 1312 meae
2818 1247 3107 1312 Siculis
3158 1271 3269 1312 er·

709 1361 886 1422 rant
931 1355 1006 1422 in
1053 1359 1450 1422 montibus
1501 1377 1756 1442 agnae.
1935 1369 2087 1418 IPSE
2138 1353 2201 1418 id
2250 1357 2347 1418 est
2396 1375 2513 1422 sua.
2556 1357 2803 1436 sponte.

885 1463 1036 1528 494.
1111 1481 1438 1530 SECVNDO
1483 1479 1906 1528 DEFLVERET
1962 1459 2309 1526 ‘secundo'
2366 1461 2431 1524 id
2490 1463 2585 1524 est
2644 1483 2787 1526 cum
2844 1481 3039 1544 aqua,
3100 1463 3269 1526 unde

709 1577 776 1634 et
823 1571 1158 1636 ‘adverso'
1205 1571 1474 1634 dicimus
1537 1575 1764 1634 contra
1817 1589 2083 1652 aquam:
2148 1589 2299 1632 nain
2344 1569 2487 1634 ideo
2536 1565 2909 1632 ‘deflueret'
2954 1567 3149 1652 dixit,
3202 1571 3269 1632 et

707 1677 1054 1766 ‘seeundo’
1099 1679 1276 1764 ideo,
1321 1679 1474 1764 quia
1525 1701 1744 1742 cursus
1793 1671 2075 1740 fluminis
2124 1679 2277 1760 post
2316 1679 2655 1740 natantem
2698 1673 2967 1738 videtur.

601 1803 670 1850 10
885 1787 1034 1850 498.
1105 1803 1284 1850 DEvs
1319 1805 1538 1850 Anvrr
1573 1785 1828 1850 Allecto
1879 1783 2065 1848 deum
2116 1783 2297 1868 dicit,
2346 1785 2513 1848 sicut
2548 1781 2627 1846 de
2654 1781 2907 1848 Venere
2946 1781 3055 1866 <11
3088 1783 3263 1866 632>

705 1891 1084 1958 descendo
1155 1913 1234 1956 66
1301 1893 1622 1958 ducente
1687 1893 1850 1956 cleo:
1915 1913 2065 1954 nam
2120 1895 2193 1954 ut
2252 1891 2527 1956 diximus
2574 1889 2933 1974 <11632>‚
3000 1891 3267 1954 numina

703 1997 1042 2082 utriusque
1087 2021 1278 2060 sexus
1323 1997 1626 2062 videntur
1671 1999 1844 2078 icleO,
1895 1997 2047 2080 quia
2090 1997 2471 2080 incorporea
2520 1997 2669 2062 6111113
2716 1997 2783 2060 613
2826 1997 3003 2080 quod
3038 1997 3267 2060 volunt

703 2103 1050 2168 adsumunt
1093 2125 1344 2186 corpus·
1437 2103 1560 2168 hoc
1621 2107 1834 2184 autem
1883 2123 2015 2168 non
2060 2105 2281 2186 aperte
2336 2103 2631 2186 ponitur,
2684 2099 2795 2166 sed
2846 2101 2913 2166 in
2962 2101 3265 2168 subaudi-

699 2209 892 2274 tione.
1079 2227 1390 2274 ERRANTI
1453 2211 1606 2274 licet
1675 2211 1840 2273 enim
1909 2213 2155 2272 certum
2220 2213 2393 2272 esset
2448 2207 2747 2286 feritura,
2806 2211 3029 2274 tamen
3098 2209 3263 2270 bene

595 2333 662 2380 15
701 2315 1090 2380 ‘errantem'
1153 2317 1342 2402 dixit,
1409 2317 1558 2402 quia
1623 2339 1756 2380 non
1813 2335 2275 2400 usquequaque
2330 2337 2583 2398 semper
2640 2319 2855 2378 certus
2896 2321 3011 2380 'est
3062 2315 3259 2380 ictus:

697 2423 1012 2488 Horatius
1059 2445 1192 2488 nee
1243 2445 1540 2508 semper
1583 2423 1816 2486 feriet
1867 2417 2393 2504 quodcumque
2434 2421 2867 2486 minabitur
2912 2443 3153 2486 616116.

873 2531 1024 2594 499.
1095 2547 1372 2606 PERQVE
1425 2547 1570 2594 ILIA
1631 2529 1786 2594 ‘hoc
1837 2525 1957 2592 ile'
2020 2531 2083 2592 et
2144 2527 2329 2594 ‘haec
2378 2525 2523 2592 ilia'
2576 2529 2765 2594 facit:
2828 2527 2981 2594 hine
3032 2531 3101 2592 et
3152 2527 3257 2592 Iu·

703 2637 946 2702 venalis
997 2635 1102 2720 <V
1143 2637 1308 2720 135>
1357 2637 1472 2700 vis
1519 2637 1770 2698 frater
1813 2633 1908 2698 ab
1956 2633 2151 2720 ipsis
2194 2633 2485 2720 ili-bus?
2532 2657 2681 2698 nam
2732 2633 3257 2718 quod-Marullus

695 2741 1186 2828 mimographus
1245 2743 1408 2824 dixit
1457 2745 1540 2806 tu
1593 2741 2011 2808 Hectorem
2064 2735 2465 2806 imitarist-
2502 2741 2593 2806 ab
2648 2741 2785 2804 ilio
2844 2761 3253 2822 numquam

589 2867 658 2916 20
695 2851 1030 2934 16661116,
1083 2871 1228 2912 cum
1279 2849 1354 2912 de
1405 2849 1636 2934 guloso
1689 2849 1961 2930 diceret,
2018 2837 2261 2912 adlusit
2304 2847 2387 2912 ad
2432 2847 2721 2912 civitatis
2776 2867 3041 2930 nomen3
3100 2869 3253 2910 nam

695 2955 810 3020 ‘ab
865 2955 970 3020 ili'
1033 2955 1258 3020 debuit
1317 2955 1544 3020 dicere.
1637 2957 1796 3020 bene
1861 2957 2075 3018 autem
2138 2975 2211 3018 ea
2272 2955 2417 3020 1066
2474 2955 2807 3020 vulnerata
2872 2953 3027 3016 dicit
3090 2975 3253 3038 quae

693 3061 916 3126 statim
983 3067 1262 3128 mortem
1325 3063 1574 3126 adferre
1641 3083 1774 3126 non
1837 3065 2129 3148 possent,
2196 3065 2273 3126 ut
2332 3063 2595 3126 domum
2654 3059 2897 3124 rediret
2954 3065 3021 3124 et
3080 3063 3251 3124 esset

691 3189 890 3234 causa
933 3169 1280 3234 bellorum:
1325 3191 1474 3232 nam
1527 3169 1580 3232 si
1631 3169 1858 3234 statim
1901 3169 2171 3254 periret,
2218 3171 2329 3232 aut
2372 3167 2513 3252 ipse
2550 3171 2663 3232 aut
2700 3166 2987 3232 vulneris
3022 3171 3251 3232 auctor

691 3277 988 3342 laterent.

835 3457 868 3506 5
905 3451 1084 3524 mille]
1127 3453 1250 3506 buc,
1293 3453 1340 3504 11
1381 3457 1442 3506 21
1477 3453 1494 3524 ΙΙ
1525 3457 1588 3506 16
1627 3449 1914 3522 Horatius]
1956 3469 2005 3506 a.
2042 3469 2099 3520 p.
2130 3455 2233 3506 350
2262 3453 2279 3522 ΙΙ
2308 3457 2375 3506 18
2408 3451 2705 3522 Marullus]
2744 3469 2833 3520 ap.
2872 3449 3245 3506 Ribbeckium

691 3541 832 3578 eom.
873 3523 972 3580 lat.
1011 3521 1132 3578 rell.
1171 3541 1226 3592 p.
1259 3529 1378 3578 310.
1431 3525 1504 3578 cf.
1543 3523 1692 3578 Serv.
1735 3523 1804 3576 ad
1843 3523 1967 3578 bue.
2008 3523 2111 3576 VII
2148 3529 2217 3578 26

835 3691 864 3738 1
903 3683 1068 3738 metri
1109 3701 1276 3738 causa
1301 3681 1478 3738 ASR
1533 3699 1702 3736 causa
1741 3683 1979 3736 metrica
2008 3683 2081 3736 M
2106 3687 2123 3754 ΙΙ
2152 3699 2271 3736 6666
2308 3699 2407 3736 om.
2432 3683 2533 3754 Fu
2560 3701 2745 3736 1166111
2782 3683 2859 3736 Μ
2880 3684 2897 3752 ΙΙ
2926 3689 2959 3736 2
2998 3699 3155 3736 arum
3182 3683 3253 3736 H

685 3755 884 3810 herum
919 3755 1060 3808 LM
1099 3755 1118 3824 ΙΙ
1161 3755 1272 3808 nisi
1307 3761 1434 3808 ante
1471 3757 1616 3810 forte
1653 3755 1752 3808 om.
1789 3755 1848 3808 R
1891 3757 1908 3824 ΙΙ
1956 3761 1989 3808 3
2024 3773 2155 3808 nam
2194 3755 2277 3808 ait
2312 3755 2483 3824 paulo
2520 3755 2649 3824 post
2684 3755 2983 3808 ASRFJ:
3020 3755 3087 3806 ut
3120 3755 3253 3806 LH

685 3845 814 3880 nam
857 3827 938 3880 ait
973 3827 1144 3896 paulo
1177 3829 1306 3892 post
1345 3829 1410 3880 ut
1447 3827 1522 3878 M
1545 3825 1562 3896 ΙΙ
1591 3827 1896 3894 inploranti
1927 3827 2003 3878 Μ
2012 3827 2071 3878 F
2120 3827 2475 3896 implorantis
2504 3827 2555 3878 A
2586 3827 2605 3896 H
2632 3831 2663 3878 5
2702 3825 2975 3896 pascebat
2996 3823 3249 3878 ASRH

685 3897 704 3968 Η
745 3905 774 3950 6
811 3897 1074 3968 scholium
1113 3897 1184 3950 acl
1211 3915 1324 3950 :trsn
1357 3913 1454 3950 om.
1479 3897 1538 3950 F
1561 3898 1578 3967 ΙΙ
1609 3901 1806 3966 sponte
1847 3913 1948 3950 6116
1976 3897 2083 3950 AS
2110 3899 2129 3968 ΙΙ
2154 3899 2231 3950 ad
2258 3913 2389 3950 vers.
2410 3903 2513 3950 493
2552 3917 2747 3950 mmm:
2774 3915 3033 3950 1166111116
3074 3911 3243 3962 quare

685 3965 928 4022 femineo
967 3983 1172 4036 genere
1213 3969 1408 4036 (genus
1445 3969 1582 4036 cod.)
1627 3983 1786 4022 canes
1825 3969 2047 4036 posuit?
2096 3967 2359 4022 soluitur:
2404 3967 2531 4022 ideo
2578 3969 2759 4022 noluit
2798 3965 3109 4022 masculino
3144 3983 3245 4034 ge-

683 4055 818 4092 nere
869 4055 1032 4094 canes
1075 4037 1394 4106 nominare,
1439 4041 1588 4108 quod
1627 4037 1684 4092 in
1723 4039 1942 4094 feminis
1984 4037 2283 4108 (femininis
2324 4041 2459 4108 cod.)
2498 4037 2625 4106 plus
2660 4039 2737 4092 sit
2768 4037 3093 4092 iracundiae
3128 4037 3189 4090 D
3224 4037 3241 4108 Η

685 4117 718 4164 7
757 4127 986 4164 nerum
1025 4111 1082 4164 et
1119 4109 1230 4164 AS
1279 4129 1576 4164 nmmum-r
1615 4111 1666 4164 L
1713 4113 1732 4182 Ι]
1785 4109 1926 4166 dixit
1968 4111 2207 4164 secundo
2244 4109 2297 4162 L
2350 4111 2369 4180 ΙΙ
2418 4109 2481 4164 id.
2516 4113 2605 4164 est
2638 4127 2737 4166 om.
2776 4109 2907 4162 LH
2942 4111 3091 4178 (add.
3130 4109 3169 4178 l)
3224 4111 3241 4182 ΙΙ

685 4187 718 4232 8
757 4195 952 4232 auerso
989 4181 1040 4232 L
1075 4183 1096 4250 ΙΙ
1133 4181 1372 4234 defluere
1409 4181 1474 4232 F
1495 4184 1512 4252 ΙΙ
1549 4183 1610 4234 et
1645 4199 1744 4236 om.
1781 4181 1914 4234 LH
1945 4181 2097 4246 (add.
2134 4181 2171 4248 Ζ)
2212 4183 2231 4250 ΙΙ
2274 4187 2305 4234 9
2346 4181 2473 4236 ideo
2510 4181 2579 4234 H
2588 4181 2657 4234 M
2666 4183 2711 4236 l:
2748 4181 2819 4234 ab
2858 4181 2967 4234 hoe
3000 4181 3113 4234 AS
3168 4181 3239 4234 ob

681 4253 790 4304 hoc
817 4249 1018 4318 RFa‚
1051 4253 1226 4304 om.L
1255 4253 1270 4321 ΙΙ
1297 4269 1492 4306 cursus
1525 4253 1770 4306 fluminis
1801 4253 1975 4306 ASR
1988 4251 2097 4306 1⁴⁷3:
2134 4269 2323 4304 cursus
2364 4253 2481 4306 eiua
2508 4253 2563 4304 L
2618 4253 2737 4306 eius
2772 4269 2965 4304 cursus
3000 4253 3065 4304 H
3118 4253 3239 4304 eius

683 4339 874 4376 cursus
909 4321 1156 4376 fluminis
1195 4323 1264 4374 M
1293 4325 1314 4392 ΙΙ
1361 4329 1422 4376 10
1459 4343 1652 4378 Arrvm*
1687 4323 1894 4376 RLM
1915 4325 1934 4394 ΙΙ
1982 4327 2045 4374 11
2088 4323 2473 4378 descendendo
2506 4323 2639 4378 LH
2668 4325 2829 4392 (corr.
2866 4323 2905 4392 l)
2966 4323 3239 4376 descende

681 4393 744 4446 F
767 4395 784 4464 ss
811 4393 886 4448 ab
921 4393 1156 4464 ducente
1187 4391 1400 4446 LHM
1451 4393 1822 4448 adducentem
1851 4393 1910 4448 F
1933 4397 1953 4464 ss
1986 4399 2045 4446 12
2078 4393 2403 4462 incorporea
2430 4397 2585 4466 sunt]
2624 4409 2725 4462 per
2750 4395 3105 4464 incorporeas
3136 4395 3201 4448 F

685 4469 752 4518 13
791 4481 994 4532 corpus
1029 4481 1130 4520 om.
1159 4463 1294 4516 LH
1323 4465 1474 4532 (add.
1505 4465 1540 4534 l)
1573 4468 1590 4534 [1
1619 4465 1726 4518 hoo
1761 4465 1950 4518 autem
1988 4463 2135 4518 LH:
2174 4467 2241 4518 ut
2274 4467 2467 4518 autem
2502 4465 2669 4520 deum
2708 4465 2957 4520 dicamus
2992 4481 3095 4532 pro
3130 4465 3239 4520 1166

679 4535 856 4590 ΑΗΒ
871 4537 944 4588 Μ
951 4535 1024 4600 F,
1059 4537 1172 4590 ‘nisi
1201 4537 1346 4604 quod
1379 4553 1482 4604 pro
1519 4535 1626 4590 dea
1661 4535 1770 4590 hoc
1801 4537 1876 4590 M
1925 4537 1993 4590 ut
2026 4535 2195 4590 deum
2234 4553 2335 4604 pro
2372 4535 2481 4590 dea
2514 4537 2765 4590 dieamus
2796 4539 2815 4590 l
2844 4539 2861 4608 ΙΙ
2888 4535 3237 4590 subauditio-

607 4665 610 4668 ,
679 4623 808 4660 nem
849 4607 958 4660 AS
985 4609 1002 4678 11
1039 4613 1108 4660 14
1145 4625 1264 4660 esse
1297 4607 1410 4660 AS
1447 4607 1606 4676 (corr.
1635 4609 1690 4674 a)
1723 4609 1740 4678 ΙΙ
1781 4613 1850 4662 1·ss
1887 4607 2031 4662 feret
2066 4607 2129 4658 F
2150 4609 2165 4676 ΙΙ
2204 4607 2279 4658 ad
2316 4625 2539 4660 nannum
2578 4609 2639 4660 i‘n
2674 4623 2847 4676 mai-9.
2886 4607 3111 4674 quidam
3148 4607 3237 4662 in-

681 4677 962 4746 tellegunt
999 4679 1148 4746 quod
1183 4677 1442 4732 ascanius
1479 4677 1582 4730 illo
1619 4679 1872 4748 tempore
1907 4679 2045 4732 belli
2084 4677 2389 4748 primordia
2422 4677 2747 4748 incipiebat.
2814 4677 2941 4730 ideo
2980 4677 3233 4748 nii-gilius

679 4747 894 4802 erranti
931 4749 1158 4804 dextrae
1197 4749 1400 4802 dixerit
1437 4747 1598 4816 quasi
1633 4747 1902 4802 titubanti
1945 4751 1997 4802 T
2028 4751 2045 4820 11
2100 4753 2159 4802 17
2200 4747 2325 4802 11116
2360 4747 2417 4800 F
2444 4751 2461 4818 [Ι
2494 4749 2633 4802 facit
2668 4765 2767 4802 om.
2798 4747 2861 4802 F
2892 4751 2909 4818 [Ι
2960 4755 3019 4802 18
3060 4751 3233 4820 quod]

679 4821 742 4872 et
775 4819 820 4872 S
859 4823 1016 4888 (corr.
1055 4823 1152 4890 s)1{
1195 4821 1450 4874 marillus
1489 4817 1600 4872 AS
1649 4821 1918 4888 maryllus
1958 4819 2089 4874 RF
2136 4817 2381 4872 mai-ulus
2418 4821 2549 4872 ΔΗ
2556 4819 2629 4872 Μ
2662 4819 2683 4889 ΙΙ
2732 4825 2795 4872 19
2834 4823 3233 4890 minographus

679 4893 734 4944 A
763 4891 780 4960 11
807 4891 872 4942 tu
897 4889 1222 4962 Hectorem]
1261 4895 1546 4944 uectorem
1575 4889 1684 4944 AS
1711 4891 1730 4962 ΙΙ
1755 4893 2081 4946 haectorem
2108 4889 2163 4944 R
2174 4891 2243 4942 Η
2262 4890 2279 4960 ΙΙ
2308 4895 2377 4944 20
2402 4891 2477 4944 ad
2506 4889 2795 4946 ciuitatem
2824 4907 3025 4948 nomen
3056 4891 3233 4946 ΑΘΒ,

677 4963 696 5036 Η
733 4967 798 5016 21
841 4961 910 5016 ab
949 4961 1038 5032 ili]
1083 4961 1228 5016 alibi
1263 4961 1398 5016 HF
1439 4963 1458 5032 ss
1511 4967 1582 5014 22
1619 4961 1840 5030 possint
1875 4961 2049 5018 ASR
2104 4963 2283 5032 possit
2320 4961 2399 5028 F,
2448 4963 2511 5016 in
2548 4979 2651 5034 quo
2690 4967 2819 5018 haec
2852 4967 3137 5020 adduntur
3176 4969 3233 5018 et

677 5035 914 5088 mortem
953 5039 1022 5084 τῇ
1057 5035 1236 5086 inlata
1273 5033 1384 5102 qua
1421 5033 1554 5102 plia.
1597 5033 1714 5102 (leq.
1743 5035 1798 5086 et
1827 5037 2067 5088 mortem
2102 5039 2291 5088 tamen
2330 5033 2567 5088 inlatam
2634 5035 2857 5090 uoniam
2888 5039 3011 5106 ‘per
3040 5037 3189 5108 ilia’)
3218 5037 3233 5108 ΙΙ

679 5106 1050 5162 muer-teretur
1087 5105 1334 5156 ASRF
1369 5105 1386 5172 ΙΙ
1433 5111 1500 5156 23
1539 5105 1638 5158 aut
1671 5105 1794 5172 ipse
1835 5121 2029 5158 ceruus
2068 5105 2127 5158 D
2166 5109 2185 5176 ΙΙ
2232 5111 2301 5160 24
2338 5107 2541 5160 lateret
2624 5105 2665 5162 ‘l

2606 5189 2613 5214 5

2576 5215 2609 5310 ,s
