3900 5784
1309 609 1538 666 coMM.
1577 611 1654 666 IN
1693 611 1906 664 VERG.
1949 611 2115 664 AEN.
2154 611 2253 664 vn
2296 611 2593 664 2752295.
3098 603 3225 668 149

853 775 998 838 283.
1075 789 1354 838 NOTHOS
1399 779 1698 838 materno
1741 773 2073 860 ignobiles
2108 795 2359 858 genere.
2438 777 2539 838 est
2576 777 2793 838 autem
2830 793 3069 836 nomen
3102 773 3227 836 hoe

667 879 1014 964 Graecum,
1061 901 1212 944 nam
1255 879 1462 944 latine
1507 881 2051 966 quemadmodum
2098 881 2349 946 dicatur
2392 905 2529 946 non
2576 887 2693 948 est.

845 987 990 1052 284.
1065 1003 1300 1050 111οΤ13
1363 1003 1720 1064 Donisovi:
1789 1007 2033 1052 LATINI
2102 989 2287 1072 equis
2350 991 2419 1052 et
2478 989 2663 1072 pacis
2724 989 3223 1072 nuptiarumque

663 1091 1112 1178 promissione.

841 1201 988 1264 286.
1063 1217 1366 1266 mAcHns
1417 1217 1580 1266 SESE
1621 1219 2041 1268 REFEREBAT
2078 1219 2171 1266 AB
2204 1217 2417 1266 ARe1s
2464 1201 2625 1264 bene
2676 1201 3049 1290 ‘Inachiis'3
3090 1225 3225 1268 non

663 1309 836 1374 enim
891 1331 1022 1372 una
1081 1313 1180 1372 est
1221 1307 1456 1394 Argoa
1547 1307 1672 1374 fuit
1715 1309 1888 1374 enim
1939 1313 2005 1372 et
2054 1311 2115 1372 in
2166 1309 2387 1386 Italia,
2444 1331 2639 1392 quam
2684 1309 3031 1376 Diomedes
3076 1335 3223 1376 eon-

663 1415 852 1498 didit,
901 1435 1066 1498 quae
1107 1413 1322 1498 primo
1367 1415 1562 1498 Argi,
1613 1417 1768 1496 post
1815 1413 2213 1498 Argyrippa,
2270 1417 2425 1498 post
2466 1413 2633 1498 Arpi
2680 1415 2851 1478 dieta
2902 1421 3019 1484 est.
3098 1417 3225 1482 fuit

663 1525 726 1586 et
769 1521 840 1586 in
889 1521 1252 1586 Thessalia:
1321 1521 1614 1586 Lucanus
1669 1519 1806 1604 <VI
1849 1519 2027 1604 355>
2082 1521 2211 1586 ubi
2272 1521 2535 1586 nobile
2590 1521 2971 1606 quondam
3028 1545 3221 1588 nune

661 1651 888 1714 super
935 1627 1186 1714 Argos
1231 1633 1470 1694 arant.
1565 1629 1690 1694 fuit
1735 1631 1804 1692 et
1845 1627 2021 1692 haud
2066 1629 2263 1712 longe
2312 1629 2395 1692 ab
2444 1625 2747 1712 Athenis,
2810 1629 2979 1712 quod
3030 1655 3065 1694 a
3112 1631 3221 1696 siti

659 1735 874 1820 Argos
923 1737 1176 1820 dipsion
1221 1735 1464 1802 dictum
1505 1739 1618 1800 est.
1699 1737 1868 1820 apud
1909 1759 2069 1820 quos
2108 1737 2251 1800 erat
2288 1757 2531 1820 magna
2568 1737 2843 1802 societas
2894 1737 3063 1800 inter
3110 1759 3219 1802 eos

659 1843 770 1928 qui
817 1835 942 1908 uno
983 1847 1182 1926 puteo
1217 1845 1588 1910 utebantur:
1641 1845 1806 1908 unde
1843 1847 1912 1908 et
1945 1843 2207 1908 fratrias
2246 1843 2549 1908 dixerunt
2580 1839 2711 1908 ἀπὸ
2752 1841 2875 1908 τοῦ
2914 1841 3219 1926 φρέατος,

657 1953 726 2016 id
757 1955 844 2016 est
889 1971 934 2014 a
961 1955 1182 2036 putee,
1225 1973 1390 2036 quas
1435 1951 1646 2016 tribus
1691 1973 2021 2018 vocamus.
2084 1955 2153 2016 et
2198 1951 2557 2016 notandum
2604 1951 2801 2036 quod,
2848 1949 2961 2014 ubi
3010 1951 3217 2016 bonus

657 2057 950 2142 sequitur
985 2063 1252 2124 eventus
1285 2057 1618 2144 TroianOS,
1657 2059 1816 2124 Iuno
1855 2061 2253 2124 removetur:
2306 2061 2375 2122 et
2412 2077 2717 2142 congrue,
2756 2057 2941 2144 quasi
2978 2081 3217 2122 numen

655 2165 1016 2250 inimicum,
1063 2165 1228 2250 quod
1277 2189 1580 2250 praesens
1629 2171 1852 2250 posset
1899 2189 2149 2232 nocere.

829 2273 976 2338 287.
1053 2289 1420 2350 AVRASQVE
1463 2291 1778 2338 INVEGTA
1823 2291 2153 2338 TENEBAT
2206 2295 2323 2356 per
2384 2273 2775 2336 elementum
2820 2293 3011 2336 suum
3054 2271 3213 2336 ibat.

829 2381 976 2446 289.
1051 2399 1368 2458 iti-BVSQVE
1409 2381 1738 2468 ‘abusque'
1783 2387 1846 2448 et
1887 2379 2217 2466 ‘adusque’
2260 2379 2639 2462 usurpative
2676 2377 2981 2444 dicimus:
3028 2401 3211 2462 prae-

651 2487 892 2570 positio
937 2489 1112 2552 enim
1157 2507 1272 2552 nee
1309 2487 1618 2553 adverbio
1663 2487 1955 2572 iungitur
1994 2509 2111 2552 nee
2156 2485 2655 2570 praepositioni,
2702 2483 2953 2570 ‘usque'
2996 2491 3213 2552 autem

651 2597 764 2660 aut
807 2595 1204 2680 praepositio
1257 2597 1356 2658 est
1403 2577 1522 2660 aut⁴
1561 2595 1957 2660 adverbium.

823 2701 972 2766 290.
1045 2719 1172 2768 IAM
1225 2719 1480 2768 FIDERE
1537 2717 1814 2766 TERRAE
1873 2723 1991 2784 per
2048 2701 2327 2766 dativum
2388 2693 2789 2784 ianyendum,
2852 2699 3033 2766 aliter
3086 2721 3213 2766 nou

637 2809 938 2892 procedit,
981 2813 1054 2874 ut
1099 2807 1240 2894 <IX
1285 2809 1456 2894 376>
1505 2813 1576 2876 et
1625 2809 1872 2872 fidere
1915 2807 2149 2872 nocti.

823 2917 970 2982 291.
1045 2913 1292 2982 STETIT
1339 2917 1512 3002 quod
1557 2917 1728 2980 solet
1773 2939 1912 2980 esse
1958 2917 2389 3002 cogitantum.

821 3023 970 3088 293.
1045 3041 1246 3088 FATIS
1289 3023 1402 3086 hoe
1441 3029 1532 3088 est
1575 3023 2039 3086 voluntatibus.
2884 3089 2889 3092 ,

821 3127 970 3194 295.
1045 3145 1256 3194 CAPTI
1301 3147 1628 3216 Po‘rvERE
1675 3145 1834 3194 cAP1
1891 3151 2039 3196 eum
2096 3129 2245 3192 felle
2302 3129 2543 3194 dietum
2594 3131 2719 3192 est:
2776 3149 2933 3194 nam
2984 3131 3035 3194 si
3086 3131 3209 3194 hoe

643 3259 970 3302 removeas
979 3289 998 3320 ,
1065 3239 1190 3302 erit
1257 3259 1660 3322 oxymorum.
1753 3237 1912 3302 dicit
1976 3239 2193 3302 autem
2262 3237 2485 3302 omnia
2544 3257 2709 3320 quae
2774 3237 3207 3322 contigerunt,

787 3419 812 3466 1
853 3415 1108 3468 materno
1137 3431 1180 3468 e.
1203 3431 1258 3482 q.
1279 3415 1346 3482 s.]
1379 3413 1444 3470 cf.
1477 3411 1612 3468 Isid.
1639 3431 1716 3466 or.
1747 3411 1824 3466 IX
1843 3417 1894 3482 5,
1915 3419 1985 3468 23
2012 3415 2031 3484 ΙΙ
2062 3419 2129 3468 16
2164 3413 2417 3482 abusque
2448 3431 2495 3468 e.
2524 3431 2579 3480 q.
2610 3413 2675 3484 s]
2720 3413 2785 3466 cf.
2820 3413 2973 3468 Serv.
3004 3431 3203 3468 comm.

639 3487 694 3540 in
753 3485 894 3538 Don.
939 3503 994 3552 p.
1033 3491 1162 3550 419,
1203 3489 1270 3538 15
1319 3485 1380 3538 et
1419 3503 1476 3554 p.
1515 3491 1644 3554 442,
1687 3491 1756 3538 15
1789 3485 1858 3536 K.
1921 3485 2065 3540 Don.
2108 3485 2179 3540 ad
2222 3487 2347 3540 Ter.
2384 3485 2555 3540 Andr.
2598 3483 2647 3538 Il
2690 3491 2747 3554 1,
2784 3491 2819 3536 3
2870 3485 2927 3540 et
2966 3503 3089 3542 eun.
3126 3485 3207 3538 ΙΙΙ

643 3563 694 3624 2,
735 3563 794 3612 18
829 3557 850 3626 ΙΙ
895 3561 962 3608 22
1001 3575 1148 3612 mus
1185 3557 1594 3626 voluntatibus]
1635 3557 1704 3610 cf.
1743 3553 1888 3612 Non.
1923 3575 1983 3626 p.
2018 3563 2141 3624 303,
2170 3563 2241 3612 32
2280 3557 2343 3610 et
2378 3563 2501 3624 455,
2528 3563 2597 3610 26

787 3725 810 3770 1
853 3719 962 3770 hoe
997 3731 1200 3770 nomen
1241 3715 1420 3770 ASF
1449 3718 1470 3788 ΙΙ
1511 3721 1540 3770 2
1581 3733 1714 3770 nam
1751 3759 1762 3770 .
1795 3757 1808 3770 .
1843 3757 1854 3768 .
1891 3733 2005 3770 non
2040 3719 2129 3770 est
2162 3717 2385 3770 RLH:
2424 3733 2553 3770 nam
2594 3717 2651 3768 in
2688 3715 2975 3770 latinitate
3010 3715 3203 3772 deficit

637 3787 820 3842 ΑΒΓ
873 3803 1004 3840 nam
1039 3787 1102 3842 in
1135 3785 1416 3842 latinitate
1457 3787 1646 3840 deficit
1681 3787 2153 3856 quemadmodum
2194 3787 2415 3842 dicatur
2454 3803 2565 3842 non
2604 3789 2687 3840 est
2728 3787 2801 3840 M
2850 3787 3063 3856 (deficit
3098 3789 3199 3842 del.

637 3863 710 3926 m)
739 3863 760 3932 ΙΙ
797 3865 830 3912 3
869 3877 1026 3912 Dorus
1061 3875 1346 3920 mensave
1385 3859 1460 3912 M
1483 3859 1510 3926 ΙΙ,
1543 3863 1576 3908 6
1615 3857 1726 3912 fuit
1757 3875 2003 3926 namque
2038 3857 2151 3912 AS
2202 3875 2447 3926 namque
2480 3857 2591 3912 fuit
2626 3857 2689 3910 F
2712 3859 2731 3926 ΙΙ
2768 3863 2797 3910 7
2840 3875 2981 3926 quae
3014 3859 3201 3926 primo

639 3929 764 3998 argi
799 3929 954 3982 dieta
995 3929 1080 3982 est
1115 3929 1246 3998 post
1279 3929 1566 3998 argirippa
1603 3929 1736 3998 post
1769 3929 1892 3998 arpi
1917 3929 1977 3982 R
2004 3929 2021 3998 ΙΙ
2048 3931 2179 3998 post
2206 3929 2527 3998 Argyrippa
2556 3945 2653 3984 om.
2674 3929 2733 3980 L
2768 3929 2923 3996 (post
2952 3929 3203 3998 argiripa

637 4019 788 4070 supr.
825 4015 958 4054 vers.
999 4001 1036 4068 l)
1087 4000 1108 4069 ΙΙ
1159 4001 1464 4070 argyrippa
1499 3997 1588 4052 H:
1633 3999 1918 4070 argirippa
1958 3999 2153 4052 ΑΒΜ
2206 3999 2473 4070 argyripa
2510 3999 2583 4056 F.
2648 4001 2717 4066 cf.
2756 3999 2903 4052 Serv.
2948 4001 3019 4054 ad
3058 4001 3199 4054 Aen.

637 4071 772 4126 VIII
805 4079 838 4126 9
877 4075 926 4124 et
961 4069 1038 4124 XI
1075 4075 1178 4124 246
1209 4072 1228 4142 ΙΙ
1255 4071 1380 4124 arbi
1415 4069 1462 4124 S
1485 4072 1504 4141 ΙΙ
1543 4073 1576 4124 8
1617 4069 1820 4126 tesalia
1855 4071 1904 4124 L
1933 4073 1953 4142 ΙΙ
1990 4077 2019 4124 9
2060 4073 2183 4126 arat
2222 4071 2365 4124 AM
2414 4071 2537 4124 erat
2576 4069 2929 4124 SRLHFa
2956 4069 3109 4142 111100
3146 4071 3203 4124 L

641 4145 810 4214 (haud
849 4145 886 4210 l)
913 4143 932 4212 ΙΙ
961 4141 1110 4220 quod
1145 4141 1204 4212 a]
1243 4143 1486 4208 quodam
1513 4141 1582 4194 H
1603 4145 1718 4211 1110
1753 4141 1995 4214 dypsion
2018 4143 2091 4196 H
2138 4143 2379 4214 dipsyon
2414 4141 2493 4196 M
2508 4141 2527 4210 ΙΙ
2556 4159 2761 4210 magna
2800 4143 3039 4196 societas
3080 4143 3203 4196 erat

637 4215 752 4270 AS
781 4215 802 4285 ΙΙ
845 4215 992 4268 inter
1027 4229 1124 4268 eos
1159 4211 1378 4268 seilicet
1411 4211 1620 4268 ASFz
1651 4217 1672 4282 ΙΙ
1723 4221 1786 4268 12
1829 4229 1967 4284 quas
2002 4213 2207 4284 tribus]
2246 4229 2361 4280 qua
2394 4213 2537 4268 fibus
2578 4213 2689 4268 AS
2740 4229 2877 4280 quas
2916 4213 3053 4268 tribi
3092 4211 3149 4268 F
3184 4213 3203 4284 ΕΙ

639 4285 836 4340 ubiubi
873 4283 940 4340 H
989 4283 1324 4352 ubicumque
1363 4283 1438 4340 M
1475 4289 1494 4354 ΙΙ
1539 4289 1608 4340 13
1641 4287 1776 4340 iuno
1815 4287 2135 4340 remouetur
2168 4285 2251 4340 R:
2308 4285 2443 4340 iuno
2480 4287 2749 4340 remouet.
2788 4303 2843 4340 n.
2882 4285 2918 4339 f.
2960 4285 3009 4338 L
3066 4285 3199 4340 iuno

639 4359 894 4414 remouet
927 4355 966 4410 f.
1003 4355 1072 4412 H
1119 4355 1384 4412 iunonem
1419 4361 1672 4412 remouet
1701 4357 1774 4412 M
1823 4357 1955 4412 iuno
1990 4357 2157 4428 longe
2198 4355 2369 4412 fuisse
2404 4355 2693 4412 inducitur
2720 4355 2923 4412 ASFz
2950 4359 2969 4426 ΙΙ
2996 4361 3065 4410 16
3104 4355 3199 4410 ab·

641 4445 818 4500 usque
857 4445 956 4484 om.
981 4429 1102 4484 LR
1111 4429 1182 4484 M
1223 4431 1392 4498 (supr.
1421 4445 1552 4484 vera
1585 4431 1714 4484 add.
1743 4433 1780 4498 l)
1813 4431 1834 4500 ΙΙ
1861 4429 2107 4496 abusque
2144 4431 2337 4484 autem
2372 4429 2435 4484 F
2456 4433 2477 4500 ΙΙ
2502 4445 2679 4496 usque
2718 4427 2767 4482 L
2804 4427 3079 4496 (adusque
3114 4431 3155 4496 l)
3184 4427 3203 4500 Η

641 4501 988 4572 usurpative]
1037 4499 1420 4570 praepositive
1467 4501 1794 4556 Ribbeekias
1843 4503 2023 4556 adnot.
2066 4503 2187 4556 crit.
2228 4501 2301 4556 ad
2338 4517 2387 4556 v.
2424 4507 2527 4556 289
2588 4503 2605 4572 ΙΙ
2660 4505 2727 4556 17
2774 4499 3105 4554 aduerbium
3150 4505 3203 4554 et

639 4571 1118 4642 praepositionem
1151 4571 1232 4640 L,
1273 4577 1342 4626 ‘at
1375 4573 1590 4628 videtwr
1633 4571 1924 4640 (aduerbio
1964 4577 2009 4626 et
2046 4571 2453 4640 praepositioni
2488 4573 2529 4640 l)
2588 4575 2605 4642 ss
2658 4589 2835 4638 usque
2872 4571 3065 4624 autem
3102 4571 3203 4626 aut

639 4643 972 4700 aduerbium
1011 4647 1100 4700 est
1133 4647 1234 4698 aut
1265 4643 1612 4712 praepositio
1649 4643 1708 4698 R
1733 4644 1750 4713 ΙΙ
1789 4649 1860 4696 20
1895 4647 1965 4696 ut
2000 4685 2011 4696 .
2046 4685 2057 4694 .
2090 4685 2101 4698 .
2140 4643 2321 4714 nocti]
2362 4643 2555 4698 datiuo
2594 4643 2655 4696 ut
2694 4641 2861 4694 fidere
2898 4641 3055 4696 noeti
3092 4641 3205 4696 AS

639 4715 836 4770 datiuo
873 4733 1006 4770 usus
1043 4717 1132 4770 est
1165 4717 1232 4768 ut
1263 4715 1434 4770 fidere
1473 4715 1624 4770 noeti
1661 4733 1700 4768 a
1753 4713 1948 4768 datiuo
1986 4713 2069 4766 ait
2102 4715 2165 4766 ut
2204 4715 2375 4768 fidere
2412 4715 2567 4768 noeti
2604 4713 2669 4783 ῑΙΙ
2712 4719 2777 4766 21
2822 4711 3197 4784 cogitantum]

637 4787 700 4840 id
737 4787 824 4842 est
865 4789 1010 4842 stare
1047 4787 1174 4842 add.
1217 4785 1276 4840 F
1317 4789 1338 4858 ΙΙ
1387 4793 1458 4840 23
1495 4787 1606 4842 hue
1639 4787 1712 4838 H
1747 4787 1766 4852 ΙΙ
1813 4791 1880 4838 24
1919 4783 2049 4854 erit]
2090 4785 2237 4854 perit
2270 4785 2357 4852 R,
2390 4801 2559 4852 qaam
2594 4785 2929 4852 scripturam
2966 4803 2991 4838 0
3028 4787 3199 4842 corri-

637 4859 804 4928 9e‘ndi
841 4859 1022 4914 stadio
1057 4865 1250 4918 natam
1285 4875 1392 4912 esse
1425 4863 1576 4926 puto.
1647 4863 1708 4910 at
1741 4857 1884 4910 nihil
1929 4857 2255 4910 „tutandum
2302 4871 2411 4910 esse
2452 4855 2699 4910 Pseudo·
2712 4857 2985 4914 Asconius
3030 4859 3199 4922 docet,

637 4931 736 4998 qui
781 4931 856 4984 ad
893 4929 1006 4984 Cic.
1041 4931 1108 4984 ia
1145 4931 1210 4998 ρ.
1249 4929 1398 4984 Gaea.
1441 4931 1550 4984 div.
1589 4927 1664 4982 VI
1705 4933 1766 4982 21
1813 4927 2059 4994 ‘etiamsi
2102 4931 2321 4982 taceant
2364 4927 2499 4980 satis
2548 4927 2793 4998 dicunt’‚
2848 4929 2949 4984 abi
2988 4931 3199 4984 similia

629 5001 870 5068 protulit
917 5001 1108 5054 ‘haec’
1159 5003 1346 5068 inquit
1391 4999 1486 5054 ‘in
1531 5003 1644 5054 loco
1693 5015 1788 5054 nec
1835 5015 2099 5066 oxymora
2132 5015 2231 5052 ‘nec
2264 4997 2511 5052 cacozeza
2548 4997 2855 5058 iudicanda
2888 5007 3051 5066 sunt;
3096 5003 3199 5056 aut

639 5071 784 5126 enim
823 5071 1180 5138 inferioribus
1219 5071 1378 5126 dictis
1415 5077 1512 5126 aut
1547 5085 1722 5138 supra
1749 5069 1955 5138 positis
1986 5067 2325 5124 leniantur’.
2378 5067 2565 5138 itaque
2598 5069 2825 5132 Servius
2858 5091 2981 5132 cum
3022 5071 3199 5144 ‘capti

3256 1211 3289 1260 5

3266 1745 3327 1794 10

3258 2281 3319 2328 15

3250 2819 3317 2866 20
