3900 5784
1267 645 1490 702 COMM.
1533 643 1610 696 IN
1651 637 1860 694 VERG.
1905 631 2071 688 AEN.
2108 627 2239 684 VIII
2284 633 2575 686 167-183.
3046 625 3175 688 225

801 817 880 880 17
889 817 948 880 6.
1023 833 1320 876 ommim
1373 809 1470 872 hic
1519 807 1622 874 ‘de
1659 803 1944 890 yramine
1986 793 2201 880 ἴασίοζ
2260 797 2413 862 alibi
2458 793 2833 882 ‘yramineo’
2876 815 2997 880 pro
3036 813 3177 878 yra-

615 923 880 1002 min030,
927 923 996 982 ut
1043 913 1212 998 <VII
1259 915 1426 998 106>
1465 913 1852 996 yroemineo
1899 909 2109 992 ripae
2152 905 2509 988 reliyavit
2548 905 2637 970 ab
2678 925 2941 988 amere
2988 903 3175 970 clas-

615 1047 780 1092 sem.
957 1039 1194 1086 SEDILI
1229 1021 1398 1084 bene
1435 1019 1684 1084 ‘sedili'
1699 1045 1714 1084 z
1765 1039 1916 1084 nam
1960 1015 2035 1078 in
2076 1015 2323 1096 templo
2362 1011 2663 1078 Herculis
2710 1011 3177 1078 lectisternium

619 1153 760 1196 esse
807 1153 938 1194 non
981 1128 1242 1192 licebat.
1329 1127 1614 1208 quamvis
1659 1127 1828 1208 apud
1871 1129 2089 1188 veteres
2136 1141 2339 1186 omnes
2386 1123 2649 1186 sedoeites
2690 1125 3081 1186 vescerentur.

807 1237 882 1300 17
895 1235 948 1300 7.
1025 1259 1400 1300 PRAECIPVVM
1427 1231 1630 1316 poiest
1671 1237 1728 1298 et
1773 1229 2159 1316 ‘praeeiffloe'
2204 1231 2417 1312 accipi.

803 1343 942 1406 178.
1023 1357 1294 1406 ACCIPIT
1355 1343 1466 1404 aut
1529 1341 1800 1422 suscipit
1863 1339 1938 1402 ad
2008 1337 2383 1402 sedendum:
2440 1339 2553 1400 aut
2614 1335 2851 1420 pascit,
2908 1339 2983 1398 ut
3038 1333 3181 1420 <III

617 1447 794 1530 353>
831 1447 1020 1511 illos
1065 1447 1506 1530 porticibus
1551 1469 1680 1510 rex
1731 1445 2173 1528 accipiebat
2218 1443 2291 1506 in
2340 1443 2637 1526 amplis
2710 1447 2923 1506 torum
2966 1447 3181 1506 autem

617 1553 964 1618 herbarum
1007 1575 1196 1636 super
1237 1553 1470 1618 solium
1521 1553 1716 1616 fuisse
1761 1551 2251 1636 intellegamus»,
2294 1571 2379 1612 ne
2416 1549 2505 1612 sit
2542 1549 2729 1612 sedili
2770 1549 3181 1614 contrarium.

619 1681 900 1746 congrue
957 1665 1176 1724 autem
1233 1661 1308 1722 de
1357 1660 1560 1723 leonis
1619 1657 1786 1742 pelle
1845 1657 2001 1720 dicit
2052 1661 2455 1738 coopertum,
2518 1657 2701 1742 quasi
2764 1657 2835 1720 in
2884 1655 3181 1720 Herculis

619 1767 836 1830 sacris,
1017 1765 1052 1804 '³‘
1071 1791 1318 1832 INVITAT
1359 1771 1416 1830 et
1459 1791 1686 1832 ACCIPIT
1725 1765 1908 1828 verba
1947 1765 2299 1846 hospitalia.
2322 1765 2359 1802 '¹‘

781 1857 944 1936 179.
1023 1891 1170 1936 ’ΝΜ
1227 1889 1434 1934 LEOTI
1497 1889 1794 1936 1VVENEs
1863 1893 1997 1936 non
2052 1875 2245 1936 vacat
2302 1869 2547 1936 ‘lecti't
2620 1873 2683 1934 in
2750 1871 2947 1934 sacris
3012 1871 3181 1932 enim

621 1975 922 2042 Herculis
967 1999 1086 2040 nec
1137 1975 1302 2042 servi
1347 1977 1704 2042 intererant
1751 1999 1870 2044 nec
1911 1977 2159 2062 liberti,
2206 1981 2369 2044 adeo
2404 1981 2479 2040 ut
2516 1977 2797 2062 Appius,
2850 1977 2961 2062 qui
3000 1999 3183 2040 sacra

621 2083 782 2148 haee
825 2083 1166 2146 transtulit
1221 2083 1290 2146 in
1347 2083 1622 2148 libertos
1665 2085 1780 2164 vel,
1835 2089 1908 2150 ut
1947 2085 2205 2166 quidam
2252 2083 2489 2170 volun-t,
2540 2087 2615 2150 in
2656 2105 2857 2150 servos
2890 2085 3183 2168 publico&

619 2193 684 2254 et
729 2191 1014 2254 caruerit
1057 2190 1262 2254 oculis
1307 2195 1374 2254 et
1415 2191 1594 2255 intra
1639 2215 1878 2256 annum
1923 2215 2185 2256 omnem
2236 2193 2553 2258 familiam
2602 2193 2955 2278 perdiderit
2998 2191 3181 2256 Pina·

617 2299 882 2364 riorum.
1017 2315 1368 2362 cERTATIM
1403 2299 1470 2390 id
1509 2305 1608 2362 est
1645 2299 1950 2366 studiose.
2098 2307 2425 2374 ARAEQVE
2468 2317 2821 2366 SACERDOS
2862 2300 3181 2364 maximae

619 2407 888 2470 scilicet:
921 2405 1212 2470 nondum
1253 2407 1422 2470 enim
1461 2407 1776 2490 templum
1803 2405 2107 2470 Herculis
2144 2405 2375 2492 fuerat,
2412 2409 2523 2472 sed
2560 2431 2673 2472 ara
2712 2407 3183 2488 tantummode,

619 2533 810 2596 quam
861 2511 1216 2596 maximam,
1259 2509 1414 2576 dicit
1461 2511 1678 2594 <271>
1731 2535 1806 2576 ex
1855 2511 2299 2596 magnitudine
2348 2515 2651 2580 fabricae.

801 2617 942 2682 181.
1017 2635 1434 2682 LABORATAE
1485 2635 1770 2684 CERERIS
1829 2641 1995 2704 quae
2042 2623 2191 2704 eget
2236 2621 2509 2704 laboris,
2562 2627 2635 2686 ut
2682 2643 2855 2686 mox
2900 2625 2977 2686 et
3020 2623 3181 2686 fru-

619 2725 900 2788 mentis
947 2725 1170 2788 labor
1221 2725 1554 2810 additus,
1603 2729 1680 2790 ut
1731 2727 1926 2790 mala
1970 2727 2257 2790 culmos
2304 2731 2513 2792 esset
2558 2729 2867 2812 robigo:
2912 2729 3181 2812 glandes

621 2829 792 2896 enim
841 2833 978 2896 sine
1023 2833 1158 2896 ullo
1205 2833 1426 2896 labore
1475 2833 1848 2896 nascuntur.

803 2939 944 3014 183.
1021 2957 1368 3002 PERPETVI
1403 2953 1636 3004 TERGO
1673 2955 1882 3002 Bovls
1923 2939 2093 3018 [aut]
2140 2939 2493 3004 secundum
2528 2939 2885 3004 Homerum
2934 2941 3183 3004 intelle-

623 3045 926 3130 gendum,
987 3045 1098 3130 qui
1153 3045 1312 3128 dicit
1371 3035 1596 3108 carnes
1641 3043 1818 3106 dorsi
1867 3045 2111 3128 apponi
2156 3045 2383 3110 solitas
2432 3047 3053 3130 honorabilioribus,
3108 3049 3185 3110 ut

621 3151 706 3214 sit
753 3173 978 3216 sensus
1023 3151 1202 3216 talis:
1253 3151 1474 3234 posuit
1517 3155 1664 3216 ante
1719 3171 1826 3216 eos
1875 3151 2103 3234 magni
2146 3151 2339 3216 bovis
2386 3175 2609 3218 carnes
2656 3175 2763 3218 eas
2806 3177 2971 3240 quae
3010 3153 3185 3238 apud

619 3257 894 3322 maiores
939 3259 1008 3322 in
1053 3259 1296 3324 honore
1347 3257 1628 3322 fuerunt,
1705 3259 1770 3320 et
1805 3279 1876 3320 re
1913 3277 2071 3320 vera
2110 3255 2481 3342 ‘perpetui'z
2524 3281 2677 3322 nam
2728 3259 2801 3322 de
2850 3259 2973 3322 hoc
3016 3259 3181 3324 bove

615 3363 956 3430 immolato
1015 3365 1276 3430 Herculi
1345 3385 1568 3430 carnes
1635 3363 1850 3428 carius
1913 3363 2359 3428 vendebantur
2422 3387 2623 3430 causa
2682 3367 3049 3450 religioniS,
3116 3369 3181 3428 et

617 3471 768 3534 inde
823 3473 990 3536 alter
1041 3473 1506 3556 redimebatur,
1561 3471 1670 3558 qui
1721 3493 1794 3534 ex
1843 3471 2017 3556 illius
2074 3471 2287 3554 pretio
2348 3475 2757 3556 comparatus
2808 3475 2991 3558 quasi
3036 3493 3207 3566 per--

615 3581 846 3662 petuus
895 3601 1034 3644 esse
1085 3579 1436 3644 videbatur.
1515 3577 1746 3662 ‘tergo'
1785 3581 2003 3642 autem
2050 3581 2271 3660 potest
2308 3601 2347 3644 a
2382 3583 2569 3662 parte
2606 3583 2819 3644 totum
2858 3577 3181 3664 intellegi:

765 3797 790 3844 1
831 3789 924 3842 hic
965 3833 978 3846 .
1009 3831 1022 3844 .
1051 3833 1064 3844 .
1107 3787 1444 3858 graminoso]
1487 3787 1554 3844 cf.
1595 3787 1726 3842 Isid.
1763 3785 1882 3840 diff.
1921 3787 2077 3840 verb.
2116 3793 2219 3840 223
2272 3787 2293 3856 ΙΙ
2350 3795 2379 3842 3
2418 3787 2563 3842 bene
2602 3789 2761 3844 sedili
2804 3835 2815 3844 .
2848 3833 2857 3844 .
2888 3831 2899 3842 .
2946 3789 3177 3858 licebat]

615 3859 684 3912 ef.
725 3859 970 3914 Macrob.
1011 3859 1124 3916 Sat.
1161 3859 1242 3914 ΙΙΙ
1279 3867 1332 3928 6,
1373 3865 1434 3914 16
1491 3862 1508 3930 Η
1571 3865 1632 3912 16
1681 3859 1930 3914 nondum
1978 3857 2125 3910 enim
2166 3897 2179 3910 .
2216 3899 2267 3916 ..
2308 3859 2585 3930 fabricae]
2636 3861 2707 3916 cf.
2752 3861 2929 3916 schol.
2970 3865 3083 3916 vet.
3118 3861 3179 3914 in

617 3933 804 3984 luven.
845 3931 980 3984 VIII
1009 3937 1076 3984 14
1103 3933 1122 4002 Η
1159 3937 1228 3986 18
1263 3931 1416 4000 mox]
1455 3947 1642 4000 georg.
1683 3931 1710 3982 I
1749 3937 1852 3986 150
1877 3931 1896 4000 ΙΙ
1935 3935 1999 3982 21
2042 3931 2369 4000 Homerum]
2410 3931 2475 3984 II
2512 3929 2615 3984 VII
2646 3937 2747 3984 321

759 4115 790 4162 ὃ
831 4109 904 4162 ad
939 4127 1380 4168 PRAEoirvaovE
1415 4123 1570 4176 supr.
1607 4123 1738 4162 vere.
1775 4111 1967 4178 potest
2000 4127 2103 4176 pro
2140 4077 2445 4180 praecipue
2482 4109 2665 4178 accipi
2706 4109 2755 4162 T
2810 4111 2827 4180 Η
2880 4113 2913 4162 8
2954 4109 3175 4162 intelle-

621 4179 804 4248 gimus
843 4179 904 4234 Η
949 4183 968 4252 Η
1013 4187 1042 4234 9
1085 4195 1328 4252 congrue
1365 4181 1554 4234 autem
1593 4179 1738 4234 sicut
1773 4181 1844 4234 de
1877 4179 2059 4234 leonis
2098 4181 2243 4250 pelle
2282 4181 2427 4234 sicut
2466 4179 2679 4236 dictum
2720 4183 2807 4234 est
2842 4179 3049 4234 dicitur
3088 4197 3177 4234 co-

621 4255 878 4318 opeitum
915 4251 990 4306 F.
1047 4225 1224 4306 sicut1³
1231 4255 1278 4306 et
1317 4253 1466 4306 sicut
1499 4251 1716 4306 dictum
1751 4255 1840 4306 est
1875 4253 2059 4306 omisit
2094 4253 2317 4306 Daniel.
2374 4253 2607 4318 fortasse
2656 4249 2803 4306 sicut
2838 4251 3051 4306 dietum
3092 4253 3179 4306 est

609 4327 738 4404 post
771 4323 1166 4394 intellegamus
1207 4323 1346 4378 addi
1375 4323 1550 4378 voluit
1579 4325 1848 4392 plenioris
1883 4323 2257 4376 commentarii
2296 4327 2503 4388 auctm,
2542 4339 2665 4378 cum
2702 4341 2873 4392 supra
2912 4327 2985 4378 ad
3026 4323 3173 4394 ‘ma

613 4393 808 4448 mineo’
853 4395 1190 4476 adscoiptum
1227 4399 1356 4448 esset
1395 4393 1484 4448 ‘de
1515 4397 1764 4464 momine
1803 4395 1991 4462 facto'.
2030 4397 2049 4464 Η
2092 4393 2185 4464 de]
2218 4395 2353 4476 sort
2392 4395 2569 4450 sedile
2604 4397 2689 4450 vel
2724 4395 2783 4448 id
2812 4397 2829 4466 Η
2872 4395 3019 4462 pelle
3060 4397 3175 4448 leo

613 4467 700 4516 nis
737 4465 790 4518 R
837 4465 858 4536 Η
899 4465 1060 4534 quasi
1101 4507 1112 4518 .
1145 4507 1156 4520 .
1191 4507 1204 4518 .
1243 4465 1438 4534 sacris]
1485 4467 1620 4534 quia
1663 4465 1810 4518 nihil
1845 4465 2175 4534 oportunius
2212 4465 2271 4518 in
2312 4465 2569 4522 Herculis
2602 4465 2749 4520 testo
2788 4467 2995 4520 Daniel
3040 4469 3061 4534 ΙΙ
3106 4473 3175 4562 10

615 4555 824 4588 ῙΝνῙΤΑΤ
861 4581 874 4594 .
905 4537 1310 4606 ..hospitalia
1341 4543 1468 4606 post
1501 4537 1852 4592 Pinariorum
1887 4537 2011 4590 hab.
2056 4537 2115 4588 1
2164 4539 2185 4608 Η
2238 4543 2305 4592 13
2352 4539 2447 4592 vel
2490 4539 2557 4590 ut
2590 4539 2823 4592 Daniel:
2870 4537 3015 4590 uelit
3052 4537 3111 4588 F
3158 4539 3175 4608 Η

615 4607 846 4662 inserios
881 4609 944 4660 Ε
991 4609 1222 4662 inferius
1259 4609 1330 4674 G,
1365 4625 1502 4666 corr
1533 4609 1742 4664 Daniel
1767 4609 1788 4678 11
1829 4613 1892 4660 14
1933 4607 2311 4680 Pinariorum]
2350 4611 2509 4664 immo
2548 4607 2901 4662 Potitiorum
2944 4609 3009 4688 σῇ
3046 4609 3175 4660 Μα-

613 4677 754 4730 crob.
791 4681 908 4734 Sat.
951 4679 1026 4732 111
1067 4687 1116 4746 6,
1155 4687 1250 4746 133
1297 4681 1424 4734 Liv.
1467 4683 1488 4734 I
1527 4685 1710 4744 7,14·
1755 4679 2077 4732 Fest.3.v.
2118 4681 2459 4734 ‘Potiti-um&
2526 4687 2755 4734 ceterum
2794 4679 3175 4746 pinnariorum

613 4747 664 4800 L
675 4747 744 4798 H
763 4751 780 4820 Η
831 4757 890 4806 17
933 4753 1176 4804 maxima
1215 4749 1272 4804 F
1297 4753 1316 4822 Η
1353 4751 1496 4804 dixit
1533 4749 1644 4804 AS
1669 4752 1690 4821 Η
1717 4749 1987 4818 fabricae]
2030 4751 2273 4808 Viscera.
2316 4751 2497 4806 uiscus
2540 4751 2755 4804 uiscera
2796 4749 3019 4820 (uisceri
3058 4753 3173 4806 ead

615 4887 762 4924 maii.
803 4875 910 4942 leye
949 4873 1200 4944 uisceris)
1235 4875 1374 4930 facit
1407 4877 1536 4930 add.
1569 4873 1644 4962 ξ’
1651 4875 1672 4944 ΙΙ
1701 4881 1764 4928 19
1805 4873 1999 4942 robigo
2028 4875 2083 4928 A
2102 4875 2179 4928 M
2226 4877 2429 4942 rubigo
2464 4873 2667 4942 reliqui
2694 4875 2711 4944 ΙΙ
2738 4879 2805 4926 21
2846 4879 2947 4930 aut
2978 4875 3177 4928 seclusi

613 4947 660 4996 et
699 4943 858 5008 infra
885 4947 1014 5014 (lin
1045 4947 1134 5014 24)
1177 4949 1236 5000 et
1269 4963 1330 5000 re
1365 4963 1498 5000 vera
1533 4947 1734 5014 scripsi
1757 4961 1868 5014 pro
1907 4949 2007 4998 aut
2044 4963 2101 5000 re
2138 4963 2299 5002 vera·
2336 4963 2467 4998 ‘tiam
2504 4947 2847 5002 secundum.
2910 4945 3179 5000 ‚fuerunt

613 5029 728 5068 mm
761 5015 888 5082 ipsa
925 5033 1132 5086 quoque
1167 5035 1228 5072 eo
1261 5023 1506 5086 spectant
1543 5023 1606 5070 ut
1645 5017 1959 5086 ‘peipetuus
1996 5017 2107 5070 bos'
2152 5019 2247 5086 qui
2284 5019 2357 5072 sit
2392 5015 2785 5086 intelleyendus
2812 5023 3121 5086 exponatu?
3160 5019 3177 5088 Η

615 5091 682 5140 26
723 5085 890 5158 alter]
931 5087 1078 5140 alter
1109 5089 1214 5142 bos
1251 5089 1326 5140 M
1379 5087 1588 5140 vitulus
1623 5089 1766 5142 alter
1807 5085 2107 5142 Fabricius
2132 5089 2153 5158 11
2202 5089 2297 5154 qui
2332 5131 2341 5142 .
2380 5131 2391 5142 .
2426 5131 2437 5142 .
2476 5087 2773 5142 videbatur
2812 5107 2911 5146 om.
2940 5089 2995 5142 R

721 5183 868 5226 Servii
893 5197 1056 5226 comm.
1083 5183 1188 5226 Vol.
1213 5185 1276 5224 11.
1305 5185 1502 5224 Fasc.1.
2682 5185 2743 5232 15

3222 1237 3255 1284 5

3228 1777 3289 1822 10

3228 2311 3287 2358 15

3224 2847 3289 2894 20

3220 3379 3285 3426 25
