3900 5784
723 655 746 714 1
765 657 848 722 86
1873 645 2107 704 SERVII

899 819 1042 882 710.
1115 825 1474 880 AMITERNA
1539 831 1812 880 conous
1891 811 1965 874 cle
2032 807 2375 874 Amiterno
2446 807 2699 892 oppido,
2764 827 2771 834 ·
2896 819 3263 880 PRISCIQVE

717 939 1038 1002 QVIRITES
1093 921 1160 986 id
1207 925 1308 984 est
1355 919 1596 986 Sabini.
1689 917 1886 1002 prisci
1945 919 2159 980 autem
2216 917 2389 1000 ideo,
2446 915 2601 1000 quia
2654 919 2803 1000 post
2862 911 3085 978 foedus
3132 909 3265 974 Titi

717 1033 782 1094 et
819 1029 1078 1092 Romuli
1127 1029 1374 1112 placuit
1415 1033 1492 1092 ut
1537 1027 1722 1114 quasi
1771 1047 1932 1090 unus
1982 1023 2055 1086 de
2108 1023 2355 1090 duobus
2400 1025 2587 1088 fieret
2632 1023 2939 1110 populus:
2988 1019 3153 1084 unde
3202 1023 3267 1084 et

713 1135 994 1200 Romani
1041 1131 1320 1210 Quirites
1379 1135 1534 1200 dieti
1591 1137 1770 1216 sunt,
1825 1133 1995 1216 quod
2048 1153 2285 1196 nomen
2334 1129 2721 1194 Sabinorum
2764 1131 2981 1194 fuerat
3024 1151 3063 1194 a
3112 1127 3263 1194 eivi-

577 1241 580 1244 ’
645 1255 676 1304 5
713 1243 848 1304 tate
899 1239 1200 1324 Curibus,
1251 1245 1312 1304 et
1359 1239 1580 1308 Sabini
1633 1263 1668 1304 a
1713 1239 1993 1304 Romulo
2038 1237 2317 1304 Romani
2368 1235 2521 1302 dieti
2566 1241 2737 1302 sunt.
2800 1221 2809 1226 ⁵

895 1349 1038 1414 711.
1113 1365 1324 1412 ERETI
1383 1365 1618 1414 MANVS
1675 1365 1888 1414 omns
1947 1347 2261 1432 oppidum
2316 1347 2415 1410 est
2474 1345 2717 1410 dietum
2772 1369 2809 1410 a
2862 1345 3137 1428 Iunone,
3198 1345 3265 1410 iel

711 1459 810 1522 est
837 1449 1040 1540 ”Hom
1089 1477 1254 1540 quae
1297 1455 1432 1518 illic
1481 1455 1728 1520 colitur.
1887 1469 2443 1530 omvaRAuQvE
2490 1467 2863 1518 MVTVSCAE
2908 1451 3067 1518 haee
3118 1451 3265 1518 Tre·-

711 1561 820 1626 bia
867 1563 1092 1644 postea
1135 1561 1302 1626 dieta
1339 1563 1466 1644 est,
1515 1583 1706 1646 quam
1747 1559 1934 1626 modo
1966 1559 2315 1626 Trebulam
2356 1559 2593 1626 dieunt.
2658 1559 2827 1644 apud
2868 1573 3057 1644 quam
3088 1559 3261 1624 Han·

707 1669 888 1732 nibal
935 1669 1174 1732 delevit
1209 1669 1520 1752 populum
1557 1669 1948 1734 Romanum:
1998 1667 2295 1734 Lucanus
2336 1665 2443 1752 <11
2474 1665 2603 1750 46>
2644 1665 3075 1734 Cannarum
3114 1667 3259 1732 fui·

609 1791 674 1844 10
711 1797 874 1840 mus
921 1773 1398 1858 Trebiaeque
1443 1773 1822 1840 iuventus,
3102 1767 3107 1772 ’

891 1881 1034 1946 712.
1107 1899 1234 1956 ,QVI
1287 1899 1686 1948 NOMENTVM
1743 1901 1977 1946 VRBEM
2030 1883 2155 1948 hoe
2200 1905 2277 1948 ex
2332 1891 2449 1948 sua
2508 1905 2781 1966 persona
2838 1881 2995 1946 dicit
3040 1887 3259 1964 poeta:

705 2011 858 2052 6661
907 1987 1112 2052 adhuc
1161 1985 1386 2052 civitas
1431 1987 1850 2052 Nomentana
1893 2011 2027 2052 non
2072 1989 2307 2072 fuerat,
2360 1993 2427 2054 ut
2466 1989 2533 2056 in
2572 1995 2755 2056 sexto
2792 1991 2887 2054 ait
2926 1989 3141 2074 (773)
3178 1989 3259 2054 hi

703 2095 850 2158 tibi
915 2093 1380 2158 Nomentum
1443 2101 1520 2160 et
1587 2095 1902 2180 Gabios,
1968 2097 2129 2160 item
2192 2097 2409 2180 <776>
2478 2099 2661 2162 haee
2728 2103 2887 2162 tum
2950 2097 3261 2160 nomina

705 2203 954 2282 erunt,
1013 2221 1206 2262 116116
1265 2203 1440 2264 sunt
1499 2201 1666 2266 sine
1709 2203 2015 2266 nomine
2058 2207 2335 2268 terrae.
2518 2221 2739 2268 ROSEA
2782 2221 2975 2268 RVRA
3020 2223 3257 2270 VELINI

603 2321 666 2376 15
705 2305 982 2390 Velinus
1031 2305 1210 2370 lacus
1269 2309 1368 2370 est
1413 2307 1576 2372 'circa
1623 2309 1810 2374 Reate
1857 2311 2037 2374 iuxta
2084 2331 2337 2394 agrum,
2400 2311 2511 2394 qui
2554 2309 2923 2376 Rosulanus
2976 2315 3257 2376 vocatur.

703 2415 916 2478 Varro
977 2415 1196 2476 tamen
1259 2411 1416 2478 dicit
1473 2415 1682 2480 lacum
1745 2417 1912 2480 hunc
1976 2439 2015 2480 a
2068 2417 2347 2502 quodam
2408 2416 2671 2484 consule
2734 2419 2797 2482 in
2854 2417 3091 2484 Narem
3154 2421 3261 2484 vel

701 2511 976 2584 Nartem
1011 2519 1276 2586 fluvium
1303 2519 1664 2586 derivatum
1703 2559 1778 2568 —
1807 2545 1959 2586 nam
2002 2525 2347 2608 utrumque
2384 2523 2617 2588 dieitur
2648 2561 2723 2570 —-
2758 2545 2899 2588 esse
2938 2525 3257 2590 diffusum.

701 2631 856 2710 post
905 2627 1072 2712 quod
1123 2631 1308 2692 tanta
1355 2631 1454 2692 est
1501 2631 1646 2694 loca
1689 2633 1912 2694 secuta
1966 2631 2299 2716 fertilitas,
2358 2633 2429 2694 ut
2478 2631 2671 2694 etiam
2720 2631 3005 2714 perticae
3050 2631 3257 2716 longi-

701 2733 996 2798 tudinem
1047 2733 1316 2798 altitudo
1359 2739 1692 2820 superaret
1741 2737 2109 2800 herbarumt
2158 2737 2311 2820 quin
2354 2737 2547 2802 etiam
2590 2741 2899 2822 quantum
2934 2761 3049 2822 per
3088 2739 3255 2802 diem

597 2859 666 2910 20
703 2841 1038 2926 demptum
1101 2847 1296 2922 esset,
1363 2845 1620 2908 tantum
1679 2865 1794 2926 per
1853 2847 2075 2908 noctes
2136 2845 2493 2908 erescebat:
2558 2845 2729 2928 quod
2780 2843 3115 2928 Vergilius
3172 2845 3255 2908 ad

701 2973 890 3016 suam
933 2949 1328 3036 provinciam
1379 2951 1746 3034 transtulit,
1799 2951 2019 3014 dicens
2074 2955 2151 3014 613
2206 2957 2569 3036 quantum
2628 2953 2889 3036 longis
2938 2953 3255 3034 carpent

699 3061 1054 3124 armenta
1101 3057 1396 3142 diebuS,
1449 3057 1728 3146 exigua
1773 3061 2069 3126 tantum
2120 3057 2419 3146 gelidus
2470 3081 2593 3138 ros
2636 3063 2867 3126 606136
2910 3061 3253 3144 reponet.

843 3311 912 3360 21
951 3309 1014 3360 et
1047 3307 1342 3378 quantum]
1383 3321 1576 3378 georg.
1615 3307 1668 3360 ΙΙ
1705 3313 1806 3360 201

851 3545 896 3594 1·
919 3543 996 3594 ad
1023 3537 1308 3594 Amiterna
1347 3537 1544 3594 cohors
1579 3543 1646 3594 iu
1669 3555 1840 3610 vnum.
1873 3539 1938 3594 de
1978 3539 2253 3594 amiterno
2288 3537 2497 3606 oppido
2536 3537 2857 3594 sabinorum
2892 3557 2961 3594 ex
2998 3555 3109 3606 quo
3142 3537 3253 3592 fuit

705 3609 1008 3666 sallustius.
1083 3613 1142 3666 et
1177 3609 1454 3664 amiterna
1493 3609 1638 3666 dixit
1669 3629 1770 3680 pro
1809 3609 2145 3664 amiternina
2180 3613 2241 3664 et
2274 3609 2485 3662 dietum
2524 3611 2611 3662 est
2646 3609 2917 3678 oppidum
2958 3627 2995 3664 a
3026 3609 3253 3664 flumine

705 3681 760 3734 T
783 3683 800 3751 ΙΙ
829 3687 862 3736 2
903 3681 1042 3752 Titi]
1079 3681 1206 3736 tatii
1245 3681 1306 3736 F
1329 3683 1346 3750 ΙΙ
1377 3687 1410 3734 4
1447 3681 1676 3748 quirites
1715 3699 1812 3736 om.
1839 3683 1914 3734 M
1935 3681 1957 3748 ΙΙ
1986 3681 2133 3750 quod
2170 3697 2375 3734 nomen
2404 3723 2413 3734 .
2446 3723 2459 3736 .
2494 3721 2503 3732 .
2532 3679 2667 3734 dieti
2708 3683 2839 3736 sunt
2874 3699 2975 3736 om.
2996 3681 3045 3732 L
3084 3681 3253 3750 (quod

709 3799 714 3802 .
753 3795 766 3808 .
795 3795 806 3806 .
851 3753 1044 3806 Sabini
1079 3755 1204 3808 add.
1239 3755 1276 3822 l)
1303 3755 1320 3822 fl
1349 3767 1550 3808 nomen
1589 3771 1686 3810 om.
1709 3753 1778 3806 H
1797 3755 1816 3822 ΙΙ
1845 3759 1878 3806 5
1917 3751 2137 3824 Sabini]
2174 3749 2371 3804 Sabini
2406 3749 2647 3816 Quirites
2684 3753 2823 3808 coni.
2846 3753 3209 3806 Burmannus
3236 3753 3253 3818 ξΙ

705 3825 870 3896 dieti]
907 3825 1090 3880 uocati
1129 3825 1230 3880 SR
1259 3827 1332 3894 117
1375 3841 1510 3880 111’Ac
1543 3825 1596 3878 L
1647 3825 1764 3894 hpa
1799 3825 1870 3876 H
1917 3841 2057 3876 offla
2096 3825 2169 3878 M
2226 3839 2561 3878 ΛηοΤεωεΡΛε
2598 3821 2641 3876 S
2690 3841 2799 3880 ano
2838 3841 2933 3878 ΤΗ(
2972 3841 3103 3878 urae
3128 3823 3259 3876 RF

701 3913 926 3950 ΑπωΤΕ(
949 3915 1084 3950 ΗΡΛ(
1113 3897 1176 3966 ῖΙΙ
1201 3893 1374 3950 triuia
1401 3893 1532 3948 RH
1569 3897 1752 3950 treuia
1781 3897 1854 3948 M
1879 3897 1898 3966 ss
1923 3899 1957 3948 8
1998 3897 2149 3950 dicta
2184 3901 2271 3950 est
2306 3895 2505 3964 postea
2530 3895 2709 3948 SRF
2734 3899 2751 3966 ss
2776 3897 3055 3948 trebulani
3090 3897 3161 3948 M
3168 3897 3253 3966 F:

703 3969 974 4022 tribulam
1011 3969 1224 4036 reliqui.
1281 3969 1350 4032 cf.
1385 3965 1536 4022 Plin.
1573 3975 1686 4022 nat.
1725 3969 1850 4022 hist.
1881 3965 1957 4020 III
1990 3971 2017 4032 ξ
2048 3973 2149 4022 107
2178 3969 2197 4036 ΙΙ
2228 3969 2379 4036 apud
2412 3967 2557 4020 hanc
2594 3967 2665 4020 M
2688 3969 2709 4036 ΙΙ
2740 3975 2767 4020 9
2806 3967 3019 4020 delebit
3054 3965 3255 4036 populi

701 4039 920 4094 romani
955 4039 1262 4092 exereitum
1297 4039 1358 4092 F
1381 4040 1398 4105 ΙΙ
1433 4039 1584 4104 quod
1627 4057 1736 4094 non
1769 4039 1828 4092 in
1867 4035 2071 4108 punica
2110 4039 2231 4092 nati
2266 4041 2519 4108 tempora
2554 4053 2857 4092 cannarum
2894 4055 2935 4092 e.
2976 4057 3023 4106 q.
3058 4055 3103 4092 s,
3140 4039 3199 4092 D
3232 4039 3249 4108 ΙΙ

703 4125 1010 4164 sannorum
1037 4109 1098 4162 F
1123 4113 1140 4178 ΙΙ
1173 4115 1236 4164 10
1275 4107 1584 4178 triuiaeque
1615 4111 1748 4164 RH
1755 4109 1826 4164 Μ
1865 4107 2177 4176 tribiaeque
2208 4109 2261 4160 L
2302 4109 2631 4176 treuiaeque
2656 4127 2713 4162 m
2740 4111 2759 4180 ῙΙ
2786 4115 2853 4162 11
2890 4107 3001 4164 hoo
3034 4125 3135 4164 om.
3156 4109 3211 4162 R
3240 4109 3257 4178 {3

701 4197 772 4232 ex
805 4197 1048 4248 persona
1083 4197 1182 4232 sua
1209 4179 1392 4236 SRF
1413 4179 1432 4247 ΙΙ
1459 4181 1632 4248 poeta
1665 4197 1766 4236 om.
1795 4179 1924 4234 LH
1956 4181 2107 4246 (add.
2138 4181 2175 4248 Z)
2204 4181 2227 4248 ΙΙ
2258 4185 2319 4234 12
2360 4181 2441 4250 ut]
2486 4179 2655 4236 etiam
2686 4181 2731 4234 S
2740 4181 2791 4234 R
2848 4181 2913 4234 ut
2948 4179 3119 4236 etiarn
3156 4181 3217 4232 F
3240 4181 3257 4246 11

701 4251 796 4304 hic
833 4251 958 4302 LF
999 4251 1018 4320 ΙΙ
1065 4257 1132 4304 13
1169 4251 1304 4304 item
1343 4267 1440 4304 om.
1485 4251 1662 4306 SRF
1703 4253 1724 4320 11
1769 4253 1892 4304 tum
1927 4249 2127 4304 SLF:
2164 4255 2299 4304 tune
2336 4253 2533 4320 reliqui
2578 4255 2599 4322 11
2646 4257 2713 4304 14
2750 4269 2895 4306 nunc
2934 4291 2947 4302 .
2982 4293 2995 4304 .
3024 4289 3035 4302 .
3076 4253 3259 4304 ‘terrae

701 4337 802 4374 om.
831 4323 960 4374 LH
981 4321 1002 4388 ΙΙ
1029 4339 1230 4374 RossssA
1263 4323 1334 4374 M
1389 4339 1608 4376 sosoma
1649 4323 1708 4376 F
1731 4323 1752 4392 ΙΙ
1779 4327 1844 4374 15
1881 4319 2171 4374 rosolauus
2200 4323 2259 4374 S.
2308 4329 2647 4392 exspectatur
2684 4323 2899 4378 Roseus
2938 4323 3019 4376 vel
3054 4321 3259 4376 Rosea·

701 4413 806 4446 nus
833 4395 852 4462 11
885 4399 948 4446 16
981 4389 1186 4446 dieitur
1213 4391 1278 4446 F
1297 4395 1316 4460 ΙΙ
1343 4389 1474 4444 hine
1503 4395 1578 4446 M
1611 4395 1778 4458 (hune
1803 4395 1878 4462 m)
1907 4394 1924 4461 ΙΙ
1952 4409 1987 4446 a
2024 4393 2269 4460 quodam
2304 4394 2529 4448 consule
2566 4393 2659 4448 uel
2696 4397 2763 4448 ut
2796 4395 3025 4462 quidam
3062 4395 3263 4450 uolunt

699 4479 734 4516 a
777 4463 940 4518 Curio
987 4461 1288 4520 Vossianus
1321 4463 1648 4518 Burmanni
1707 4481 1744 4518 a
1785 4463 1948 4518 Curio
2000 4463 2227 4518 consule
2268 4465 2343 4518 M
2340 4467 2593 4520 asv‘e'ciua
2652 4467 2721 4530 ef.
2764 4467 2875 4520 Cic.
2912 4467 2991 4520 ad
3022 4465 3139 4520 Act.
3182 4467 3261 4518 IV

705 4539 788 4602 15,
829 4541 862 4588 5
909 4538 926 4603 ΙΙ
979 4535 1038 4586 16
1071 4551 1266 4588 narem
1301 4533 1396 4586 661
1431 4535 1654 4588 nartem
1689 4535 1820 4590 SF:
1871 4537 1928 4588 in
1978 4553 2199 4590 narr-am
2248 4535 2335 4588 uel
2374 4537 2565 4590 narien
2604 4537 2657 4590 R
2712 4537 2771 4590 16
2806 4535 2965 4590 narie
3000 4537 3095 4588 uel
3130 4551 3255 4590 nar-

699 4621 816 4658 rem
859 4607 912 4658 L
945 4607 1026 4674 (in
1061 4607 1280 4660 nartem
1315 4601 1412 4658 uel
1445 4621 1640 4658 narem
1677 4607 1716 4674 l)
1773 4607 1828 4658 in
1869 4621 2089 4660 narram
2128 4605 2219 4662 uel
2256 4607 2469 4658 nariem
2508 4605 2575 4660 H
2624 4607 2681 4660 16
2730 4623 2953 4662 narrata
3000 4606 3091 4661 uel
3136 4623 3261 4662 nar-

635 4703 640 4706 ·
701 4679 814 4728 tem
861 4677 944 4730 M.
1003 4679 1234 4744 fortasse
1271 4677 1326 4728 in
1367 4673 1482 4728 Nar
1521 4677 1614 4730 vel
1651 4677 1856 4730 Narem
1897 4679 1963 4744 cf.
2012 4679 2231 4732 Vossius
2266 4679 2329 4732 de
2368 4679 2515 4732 anal.
2554 4677 2581 4730 Ι
2612 4685 2677 4732 10
2704 4697 2767 4748 p.
2794 4683 2899 4730 411
2928 4695 3007 4746 sq.
3046 4677 3125 4746 (p.
3154 4683 3261 4732 300

699 4749 780 4802 ed.
819 4749 1272 4818 Foertschianae)
1311 4749 1330 4818 {l
1381 4753 1442 4800 17
1481 4765 1788 4818 uerumque
1827 4749 1896 4802 H
1923 4751 1942 4818 ΙΙ
1990 4749 2227 4804 dicimus
2266 4749 2395 4802 SM
2424 4751 2443 4818 ΙΙ
2492 4751 2779 4804 confusum
2820 4749 2885 4800 F
2916 4749 2935 4818 ΙΙ
2986 4753 3049 4802 18
3090 4749 3261 4804 etiarn

699 4833 802 4872 om.
831 4819 890 4872 R
915 4821 934 4889 11
979 4825 1044 4872 19
1079 4821 1216 4888 quin
1257 4821 1424 4874 etiam
1463 4861 1476 4872 .
1511 4863 1522 4874 .
1553 4863 1564 4872 .
1607 4821 1894 4874 erescebat
1929 4837 2029 4876 om.
2068 4821 2125 4874 R
2152 4821 2171 4890 ΙΙ
2198 4823 2471 4888 quantum
2512 4863 2523 4874 .
2554 4863 2565 4874 .
2602 4865 2613 4878 .
2652 4821 2723 4874 ad
2764 4821 2987 4872 laudem
3024 4837 3125 4878 om,
3164 4821 3211 4874 S

701 4893 774 4942 20
807 4903 910 4956 per
943 4893 1138 4944 noctes
1175 4891 1254 4944 L:
1291 4893 1482 4946 noctes
1521 4891 1588 4944 H
1595 4891 1656 4944 F
1705 4893 1870 4944 noete
1909 4893 1985 4944 M
2008 4895 2027 4960 ΙΙ
2052 4893 2205 4960 quod
2248 4935 2257 4946 .
2290 4933 2299 4944 .
2332 4929 2345 4944 .
2384 4893 2693 4962 transtulit]
2736 4891 2887 4960 quod
2922 4893 2997 4946 ad
3032 4891 3259 4946 laudem

699 4959 1018 5028 prouintiae
1057 4979 1188 5016 suae
1225 4961 1486 5030 Uirgilius
1521 4963 1812 5018 transtulit
1839 4963 1896 5016 R
1947 4965 2101 5032 quod
2132 4961 2383 5032 uirgilius
2412 4963 2485 5016 ad
2522 4963 2743 5016 laudem
2774 4981 2905 5018 suae
2932 4963 3259 5032 prouinciae

699 5029 992 5086 transtulit
1021 5031 1080 5082 F
1121 5037 1170 5086 et
1195 5033 1572 5100 Sanyalleusis
1601 5035 1967 5104 archetypum,
2006 5041 2065 5088 ut
2102 5035 2335 5100 videtur,
2374 5051 2503 5088 uam
2538 5035 2613 5088 ad
2652 5031 2771 5088 ’666
2808 5033 3133 5104 prouinciae
3160 5031 3205 5088 S
3244 5033 3259 5098 !⁴

701 5103 852 5172 quod.
891 5099 1074 5158 etiam'
1099 5103 1354 5174 uirgilius
1397 5105 1470 5160 M
1493 5109 1512 5178 11
1553 5111 1624 5160 21
1659 5103 2005 5174 prouintiam
2040 5105 2179 5158 LM
2200 5109 2221 5174 u
2260 5107 2313 5160 et
2352 5123 2449 5162 om.
2492 5105 2533 5160 S
2560 5107 2577 5178 ΙΙ
2608 5037 2845 5176 cssrpunt
2882 5105 2923 5160 S
2936 5107 3013 5160 M

2622 5203 2649 5304 s
