<?xml version="1.0" encoding="UTF-8"?>
<!DOCTYPE html PUBLIC "-//W3C//DTD XHTML 1.0 Transitional//EN"
    "http://www.w3.org/TR/xhtml1/DTD/xhtml1-transitional.dtd">
<html xmlns="http://www.w3.org/1999/xhtml" xml:lang="en" lang="en">
 <head>
  <title>
</title>
<meta http-equiv="Content-Type" content="text/html;charset=utf-8" />
  <meta name='ocr-system' content='tesseract 3.04.00' />
  <meta name='ocr-capabilities' content='ocr_page ocr_carea ocr_par ocr_line ocrx_word'/>
</head>
<body>
  <div class='ocr_page' id='page_1' title='image "./serviigrammatic00hagegoog_0041.png"; bbox 0 0 3900 5784; ppageno 0'>
   <div class='ocr_carea' id='block_1_1' title="bbox 1311 593 3233 662">
    <p class='ocr_par' dir='ltr' id='par_1_1' title="bbox 1311 593 3233 662">
     <span class='ocr_line' id='line_1_1' title="bbox 1311 593 3233 662; baseline -0.007 -8"><span class='ocrx_word' id='word_1_1' title='bbox 1311 599 1538 656; x_wconf 81' lang='lat' dir='ltr'><strong>OOMM.</strong></span> <span class='ocrx_word' id='word_1_2' title='bbox 1579 597 1658 654; x_wconf 82' lang='lat' dir='ltr'>IN</span> <span class='ocrx_word' id='word_1_3' title='bbox 1695 599 1914 656; x_wconf 79' lang='lat' dir='ltr'>VERe.</span> <span class='ocrx_word' id='word_1_4' title='bbox 1954 595 2123 654; x_wconf 80' lang='lat' dir='ltr'>AEN.</span> <span class='ocrx_word' id='word_1_5' title='bbox 2158 593 2239 650; x_wconf 85' lang='lat' dir='ltr'>VI</span> <span class='ocrx_word' id='word_1_6' title='bbox 2276 595 2575 650; x_wconf 74' lang='lat'>191—205.</span> <span class='ocrx_word' id='word_1_7' title='bbox 3144 599 3233 662; x_wconf 84' lang='lat'>39</span> 
     </span>
    </p>
   </div>
   <div class='ocr_carea' id='block_1_2' title="bbox 595 759 3333 3092">
    <p class='ocr_par' dir='ltr' id='par_1_2' title="bbox 667 759 3297 1488">
     <span class='ocr_line' id='line_1_2' title="bbox 673 759 3233 852; baseline -0.005 -16"><span class='ocrx_word' id='word_1_8' title='bbox 673 793 822 838; x_wconf 75' lang='grc'><strong>011111</strong></span> <span class='ocrx_word' id='word_1_9' title='bbox 867 769 1102 834; x_wconf 78' lang='lat' dir='ltr'>missas</span> <span class='ocrx_word' id='word_1_10' title='bbox 1147 785 1282 828; x_wconf 84' lang='lat' dir='ltr'>non</span> <span class='ocrx_word' id='word_1_11' title='bbox 1327 763 1594 830; x_wconf 80' lang='lat' dir='ltr'>ederent</span> <span class='ocrx_word' id='word_1_12' title='bbox 1639 765 1888 852; x_wconf 82' lang='lat' dir='ltr'>fruges,</span> <span class='ocrx_word' id='word_1_13' title='bbox 1943 763 2235 830; x_wconf 83' lang='lat' dir='ltr'><strong>inridens</strong></span> <span class='ocrx_word' id='word_1_14' title='bbox 2292 761 2517 824; x_wconf 82' lang='lat' dir='ltr'>consul</span> <span class='ocrx_word' id='word_1_15' title='bbox 2564 759 2907 846; x_wconf 79' lang='lat' dir='ltr'>augurium</span> <span class='ocrx_word' id='word_1_16' title='bbox 2960 759 3051 824; x_wconf 86' lang='lat' dir='ltr'>ait</span> <span class='ocrx_word' id='word_1_17' title='bbox 3100 759 3233 824; x_wconf 71' lang='lat' dir='ltr'>‘vel</span> 
     </span>
     <span class='ocr_line' id='line_1_3' title="bbox 671 867 3233 956; baseline -0.005 -12"><span class='ocrx_word' id='word_1_18' title='bbox 671 875 946 954; x_wconf 86' lang='lat' dir='ltr'>bibant’,</span> <span class='ocrx_word' id='word_1_19' title='bbox 985 881 1048 938; x_wconf 89' lang='lat' dir='ltr'>et</span> <span class='ocrx_word' id='word_1_20' title='bbox 1077 893 1186 936; x_wconf 88' lang='lat' dir='ltr'>eos</span> <span class='ocrx_word' id='word_1_21' title='bbox 1227 873 1678 956; x_wconf 82' lang='lat' dir='ltr'>praecipitavit</span> <span class='ocrx_word' id='word_1_22' title='bbox 1719 875 1786 938; x_wconf 85' lang='lat' dir='ltr'>in</span> <span class='ocrx_word' id='word_1_23' title='bbox 1815 871 2133 938; x_wconf 82' lang='lat' dir='ltr'>Tiberim:</span> <span class='ocrx_word' id='word_1_24' title='bbox 2176 869 2327 934; x_wconf 83' lang='lat' dir='ltr'>inde</span> <span class='ocrx_word' id='word_1_25' title='bbox 2356 867 2633 934; x_wconf 80' lang='lat' dir='ltr'>navibus</span> <span class='ocrx_word' id='word_1_26' title='bbox 2662 869 2873 934; x_wconf 85' lang='lat' dir='ltr'>victor</span> <span class='ocrx_word' id='word_1_27' title='bbox 2896 871 3233 934; x_wconf 84' lang='lat' dir='ltr'>revertens</span> 
     </span>
     <span class='ocr_line' id='line_1_4' title="bbox 673 976 3231 1066; baseline -0.004 -16"><span class='ocrx_word' id='word_1_28' title='bbox 673 985 784 1066; x_wconf 84' lang='lat' dir='ltr'>[ad</span> <span class='ocrx_word' id='word_1_29' title='bbox 817 983 1116 1048; x_wconf 80' lang='lat' dir='ltr'>Africam</span> <span class='ocrx_word' id='word_1_30' title='bbox 1159 977 1460 1060; x_wconf 79' lang='lat' dir='ltr'>tendens]</span> <span class='ocrx_word' id='word_1_31' title='bbox 1507 979 1576 1042; x_wconf 85' lang='lat' dir='ltr'>in</span> <span class='ocrx_word' id='word_1_32' title='bbox 1625 981 1786 1046; x_wconf 84' lang='lat' dir='ltr'>mari</span> <span class='ocrx_word' id='word_1_33' title='bbox 1835 1003 1981 1046; x_wconf 85' lang='lat' dir='ltr'>eum</span> <span class='ocrx_word' id='word_1_34' title='bbox 2026 977 2327 1044; x_wconf 82' lang='lat' dir='ltr'>omnibus</span> <span class='ocrx_word' id='word_1_35' title='bbox 2378 997 2537 1060; x_wconf 87' lang='lat' dir='ltr'>quos</span> <span class='ocrx_word' id='word_1_36' title='bbox 2592 976 2867 1040; x_wconf 84' lang='lat' dir='ltr'>ducebat</span> <span class='ocrx_word' id='word_1_37' title='bbox 2912 977 3231 1040; x_wconf 80' lang='lat' dir='ltr'>extinctus</span> 
     </span>
     <span class='ocr_line' id='line_1_5' title="bbox 669 1083 3233 1172; baseline -0.003 -18"><span class='ocrx_word' id='word_1_38' title='bbox 669 1093 786 1154; x_wconf 83' lang='lat' dir='ltr'>est.</span> <span class='ocrx_word' id='word_1_39' title='bbox 863 1087 1052 1152; x_wconf 84' lang='lat' dir='ltr'>multi</span> <span class='ocrx_word' id='word_1_40' title='bbox 1081 1085 1464 1170; x_wconf 76' lang='lat' dir='ltr'>‘pascentes&#39;</span> <span class='ocrx_word' id='word_1_41' title='bbox 1507 1085 1888 1172; x_wconf 71' lang='lat' dir='ltr'><strong>distingunt,</strong></span> <span class='ocrx_word' id='word_1_42' title='bbox 1923 1093 1991 1152; x_wconf 90' lang='lat' dir='ltr'>et</span> <span class='ocrx_word' id='word_1_43' title='bbox 2026 1085 2363 1150; x_wconf 81' lang='lat' dir='ltr'>absolutus</span> <span class='ocrx_word' id='word_1_44' title='bbox 2400 1087 2501 1146; x_wconf 83' lang='lat' dir='ltr'>est</span> <span class='ocrx_word' id='word_1_45' title='bbox 2534 1105 2781 1148; x_wconf 68' lang='lat' dir='ltr'>sensus,</span> <span class='ocrx_word' id='word_1_46' title='bbox 2858 1085 2971 1148; x_wconf 85' lang='lat' dir='ltr'>alii</span> <span class='ocrx_word' id='word_1_47' title='bbox 3008 1083 3233 1148; x_wconf 83' lang='lat' dir='ltr'>dieunt</span> 
     </span>
     <span class='ocr_line' id='line_1_6' title="bbox 669 1187 3297 1280; baseline -0.005 -18"><span class='ocrx_word' id='word_1_48' title='bbox 669 1195 1038 1280; x_wconf 61' lang='lat' dir='ltr'>&lt;pascentes</span> <span class='ocrx_word' id='word_1_49' title='bbox 1087 1191 1398 1256; x_wconf 79' lang='lat' dir='ltr'>volando&#39;</span> <span class='ocrx_word' id='word_1_50' title='bbox 1447 1195 1514 1256; x_wconf 92' lang='lat' dir='ltr'>et</span> <span class='ocrx_word' id='word_1_51' title='bbox 1555 1191 1848 1256; x_wconf 87' lang='lat' dir='ltr'>referunt</span> <span class='ocrx_word' id='word_1_52' title='bbox 1893 1193 1979 1256; x_wconf 83' lang='lat' dir='ltr'>ad</span> <span class='ocrx_word' id='word_1_53' title='bbox 2018 1195 2321 1256; x_wconf 83' lang='lat' dir='ltr'>naturam</span> <span class='ocrx_word' id='word_1_54' title='bbox 2370 1187 2841 1272; x_wconf 78' lang='lat' dir='ltr'>columbarum,</span> <span class='ocrx_word' id='word_1_55' title='bbox 2886 1211 3049 1274; x_wconf 84' lang='lat' dir='ltr'>quae</span> <span class='ocrx_word' id='word_1_56' title='bbox 3100 1189 3229 1254; x_wconf 85' lang='lat' dir='ltr'>exi·</span> <span class='ocrx_word' id='word_1_57' title='bbox 3264 1197 3297 1248; x_wconf 82' lang='lat'>5</span> 
     </span>
     <span class='ocr_line' id='line_1_7' title="bbox 667 1281 3227 1384; baseline -0.003 -18"><span class='ocrx_word' id='word_1_58' title='bbox 667 1302 900 1366; x_wconf 85' lang='lat' dir='ltr'>lientes</span> <span class='ocrx_word' id='word_1_59' title='bbox 953 1319 1220 1384; x_wconf 77' lang='lat' dir='ltr'>pascere</span> <span class='ocrx_word' id='word_1_60' title='bbox 1267 1301 1676 1362; x_wconf 82' lang='lat' dir='ltr'>consuerunt.</span> <span class='ocrx_word' id='word_1_61' title='bbox 1769 1299 1886 1362; x_wconf 83' lang='lat' dir='ltr'>alii</span> <span class='ocrx_word' id='word_1_62' title='bbox 1933 1293 2275 1364; x_wconf 76' lang='lat' dir='ltr'>‘volando&#39;</span> <span class='ocrx_word' id='word_1_63' title='bbox 2326 1295 2719 1358; x_wconf 81' lang='lat' dir='ltr'>ambulando</span> <span class='ocrx_word' id='word_1_64' title='bbox 2772 1295 3019 1360; x_wconf 84' lang='lat' dir='ltr'>dieunt:</span> <span class='ocrx_word' id='word_1_65' title='bbox 3078 1281 3227 1360; x_wconf 73' lang='lat' dir='ltr'>vola</span> 
     </span>
     <span class='ocr_line' id='line_1_8' title="bbox 667 1389 2285 1488; baseline -0.004 -16"><span class='ocrx_word' id='word_1_66' title='bbox 667 1409 838 1472; x_wconf 87' lang='lat' dir='ltr'>enim</span> <span class='ocrx_word' id='word_1_67' title='bbox 887 1407 1126 1472; x_wconf 83' lang='lat' dir='ltr'>dieitur</span> <span class='ocrx_word' id='word_1_68' title='bbox 1167 1403 1384 1470; x_wconf 81' lang='lat' dir='ltr'>media</span> <span class='ocrx_word' id='word_1_69' title='bbox 1423 1425 1576 1488; x_wconf 76' lang='lat' dir='ltr'>pars</span> <span class='ocrx_word' id='word_1_70' title='bbox 1627 1403 1806 1486; x_wconf 83' lang='lat' dir='ltr'>pedis</span> <span class='ocrx_word' id='word_1_71' title='bbox 1861 1403 1993 1468; x_wconf 83' lang='lat' dir='ltr'>sive</span> <span class='ocrx_word' id='word_1_72' title='bbox 2036 1389 2285 1466; x_wconf 61' lang='lat' dir='ltr'>munus.</span> 
     </span>
    </p>

    <p class='ocr_par' dir='ltr' id='par_1_3' title="bbox 849 1497 2723 1592">
     <span class='ocr_line' id='line_1_9' title="bbox 849 1497 2723 1592; baseline -0.003 -14"><span class='ocrx_word' id='word_1_73' title='bbox 849 1515 994 1578; x_wconf 86' lang='lat'>199.</span> <span class='ocrx_word' id='word_1_74' title='bbox 1065 1529 1368 1576; x_wconf 80' lang='lat' dir='ltr'>PRODIRE</span> <span class='ocrx_word' id='word_1_75' title='bbox 1411 1507 1788 1592; x_wconf 76' lang='lat' dir='ltr'>prodibant:</span> <span class='ocrx_word' id='word_1_76' title='bbox 1841 1511 2137 1574; x_wconf 79' lang='lat' dir='ltr'>infinitus</span> <span class='ocrx_word' id='word_1_77' title='bbox 2184 1497 2303 1590; x_wconf 84' lang='lat' dir='ltr'>pro</span> <span class='ocrx_word' id='word_1_78' title='bbox 2354 1507 2723 1572; x_wconf 77' lang='lat' dir='ltr'>indicativo,</span> 
     </span>
    </p>

    <p class='ocr_par' dir='ltr' id='par_1_4' title="bbox 661 1613 3333 2026">
     <span class='ocr_line' id='line_1_10' title="bbox 843 1613 3227 1700; baseline -0.002 -16"><span class='ocrx_word' id='word_1_79' title='bbox 843 1621 994 1684; x_wconf 90' lang='grc'><strong>201.</strong></span> <span class='ocrx_word' id='word_1_80' title='bbox 1063 1635 1296 1682; x_wconf 79' lang='lat' dir='ltr'><strong><em>GRAVE</em></strong></span> <span class='ocrx_word' id='word_1_81' title='bbox 1357 1631 1646 1682; x_wconf 80' lang='lat' dir='ltr'>OLENTIS</span> <span class='ocrx_word' id='word_1_82' title='bbox 1703 1615 1876 1680; x_wconf 83' lang='lat' dir='ltr'>male</span> <span class='ocrx_word' id='word_1_83' title='bbox 1919 1613 2195 1682; x_wconf 85' lang='lat' dir='ltr'>olentis:</span> <span class='ocrx_word' id='word_1_84' title='bbox 2262 1613 2415 1676; x_wconf 84' lang='lat' dir='ltr'>alibi</span> <span class='ocrx_word' id='word_1_85' title='bbox 2474 1613 2639 1676; x_wconf 86' lang='lat' dir='ltr'>bene</span> <span class='ocrx_word' id='word_1_86' title='bbox 2696 1613 2961 1700; x_wconf 64' lang='lat' dir='ltr'>olentiae,</span> <span class='ocrx_word' id='word_1_87' title='bbox 3022 1619 3101 1680; x_wconf 87' lang='lat' dir='ltr'>ut</span> <span class='ocrx_word' id='word_1_88' title='bbox 3150 1619 3227 1682; x_wconf 89' lang='lat' dir='ltr'>et</span> 
     </span>
     <span class='ocr_line' id='line_1_11' title="bbox 665 1721 3333 1810; baseline -0.003 -20"><span class='ocrx_word' id='word_1_89' title='bbox 665 1721 1016 1810; x_wconf 78' lang='lat' dir='ltr'>graviter</span> <span class='ocrx_word' id='word_1_90' title='bbox 1059 1721 1444 1810; x_wconf 75' lang='lat' dir='ltr'>spirantis</span> <span class='ocrx_word' id='word_1_91' title='bbox 1495 1721 1720 1804; x_wconf 83' lang='lat' dir='ltr'>eopia</span> <span class='ocrx_word' id='word_1_92' title='bbox 1763 1723 2171 1806; x_wconf 80' lang='lat' dir='ltr'>thymbrae</span> <span class='ocrx_word' id='word_1_93' title='bbox 2222 1721 2519 1806; x_wconf 80' lang='lat' dir='ltr'>floreat.</span> <span class='ocrx_word' id='word_1_94' title='bbox 3264 1733 3333 1782; x_wconf 87' lang='lat'>10</span> 
     </span>
     <span class='ocr_line' id='line_1_12' title="bbox 841 1813 3225 1914; baseline -0.001 -18"><span class='ocrx_word' id='word_1_95' title='bbox 841 1833 992 1898; x_wconf 85' lang='grc'><strong>202.</strong></span> <span class='ocrx_word' id='word_1_96' title='bbox 1059 1813 1546 1908; x_wconf 73' lang='lat' dir='ltr'>LrovrnvMQvE</span> <span class='ocrx_word' id='word_1_97' title='bbox 1595 1847 1726 1894; x_wconf 79' lang='lat' dir='ltr'>PER</span> <span class='ocrx_word' id='word_1_98' title='bbox 1753 1847 1948 1894; x_wconf 72' lang='grc' dir='ltr'>ᾺΕΒΑ</span> <span class='ocrx_word' id='word_1_99' title='bbox 1996 1845 2255 1892; x_wconf 79' lang='lat' dir='ltr'><strong><em>LAPSAE</em></strong></span> <span class='ocrx_word' id='word_1_100' title='bbox 2300 1849 2437 1892; x_wconf 80' lang='lat' dir='ltr'>non</span> <span class='ocrx_word' id='word_1_101' title='bbox 2486 1829 2585 1890; x_wconf 78' lang='lat' dir='ltr'>est</span> <span class='ocrx_word' id='word_1_102' title='bbox 2630 1827 2795 1892; x_wconf 66' lang='lat' dir='ltr'>aeris</span> <span class='ocrx_word' id='word_1_103' title='bbox 2844 1833 3225 1914; x_wconf 84' lang='lat' dir='ltr'>perpetuum</span> 
     </span>
     <span class='ocr_line' id='line_1_13' title="bbox 661 1935 3227 2026; baseline -0.002 -20"><span class='ocrx_word' id='word_1_104' title='bbox 661 1941 1024 2026; x_wconf 85' lang='lat' dir='ltr'>epitheton,</span> <span class='ocrx_word' id='word_1_105' title='bbox 1069 1937 1178 2004; x_wconf 78' lang='lat' dir='ltr'>sed</span> <span class='ocrx_word' id='word_1_106' title='bbox 1225 1959 1456 2022; x_wconf 85' lang='lat' dir='ltr'>purum</span> <span class='ocrx_word' id='word_1_107' title='bbox 1501 1941 1558 2000; x_wconf 71' lang='lat' dir='ltr'>et</span> <span class='ocrx_word' id='word_1_108' title='bbox 1603 1937 2023 2018; x_wconf 62' lang='lat' dir='ltr'>incorrzwtum</span> <span class='ocrx_word' id='word_1_109' title='bbox 2078 1935 2171 2000; x_wconf 85' lang='lat' dir='ltr'>ait</span> <span class='ocrx_word' id='word_1_110' title='bbox 2214 1935 2461 2000; x_wconf 84' lang='lat' dir='ltr'>Averni</span> <span class='ocrx_word' id='word_1_111' title='bbox 2498 1937 2999 2018; x_wconf 79' lang='lat' dir='ltr'>comparatione.</span> <span class='ocrx_word' id='word_1_112' title='bbox 3068 1937 3227 2000; x_wconf 88' lang='lat' dir='ltr'>dieit</span> 
     </span>
    </p>

    <p class='ocr_par' dir='ltr' id='par_1_5' title="bbox 661 2041 2783 2136">
     <span class='ocr_line' id='line_1_14' title="bbox 661 2041 2783 2136; baseline -0.003 -26"><span class='ocrx_word' id='word_1_113' title='bbox 661 2051 880 2110; x_wconf 80' lang='lat' dir='ltr'>autem</span> <span class='ocrx_word' id='word_1_114' title='bbox 927 2069 1036 2110; x_wconf 76' lang='lat' dir='ltr'>eas</span> <span class='ocrx_word' id='word_1_115' title='bbox 1087 2045 1218 2110; x_wconf 83' lang='lat' dir='ltr'>alte</span> <span class='ocrx_word' id='word_1_116' title='bbox 1263 2045 1518 2108; x_wconf 81' lang='lat' dir='ltr'>volasse</span> <span class='ocrx_word' id='word_1_117' title='bbox 1567 2043 1648 2106; x_wconf 85' lang='lat' dir='ltr'>ad</span> <span class='ocrx_word' id='word_1_118' title='bbox 1695 2043 2031 2108; x_wconf 83' lang='lat' dir='ltr'>vitandum</span> <span class='ocrx_word' id='word_1_119' title='bbox 2080 2041 2323 2108; x_wconf 84' lang='lat' dir='ltr'>Averni</span> <span class='ocrx_word' id='word_1_120' title='bbox 2370 2041 2651 2106; x_wconf 85' lang='lat' dir='ltr'>odorem.</span> <span class='ocrx_word' id='word_1_121' title='bbox 2774 2125 2783 2136; x_wconf 27' lang='lat' dir='ltr'><em>l</em></span> 
     </span>
    </p>

    <p class='ocr_par' dir='ltr' id='par_1_6' title="bbox 839 2147 3075 2234">
     <span class='ocr_line' id='line_1_15' title="bbox 839 2147 3075 2234; baseline -0.002 -16"><span class='ocrx_word' id='word_1_122' title='bbox 839 2147 990 2220; x_wconf 83' lang='grc'><strong>203.</strong></span> <span class='ocrx_word' id='word_1_123' title='bbox 1063 2171 1276 2218; x_wconf 80' lang='lat' dir='ltr'>SVPER</span> <span class='ocrx_word' id='word_1_124' title='bbox 1323 2167 1602 2216; x_wconf 78' lang='lat' dir='ltr'><strong><em>ARBORE</em></strong></span> <span class='ocrx_word' id='word_1_125' title='bbox 1645 2165 1900 2216; x_wconf 80' lang='lat' dir='ltr'>SIDVNT</span> <span class='ocrx_word' id='word_1_126' title='bbox 1952 2147 2297 2214; x_wconf 81' lang='lat' dir='ltr'>seeundum</span> <span class='ocrx_word' id='word_1_127' title='bbox 2348 2149 2683 2234; x_wconf 83' lang='lat' dir='ltr'>antiquam</span> <span class='ocrx_word' id='word_1_128' title='bbox 2730 2147 3075 2214; x_wconf 78' lang='lat' dir='ltr'>licentiam.</span> 
     </span>
    </p>

    <p class='ocr_par' dir='ltr' id='par_1_7' title="bbox 657 2255 3327 2648">
     <span class='ocr_line' id='line_1_16' title="bbox 839 2255 3327 2342; baseline -0.004 -18"><span class='ocrx_word' id='word_1_129' title='bbox 839 2261 988 2324; x_wconf 80' lang='lat'>204.</span> <span class='ocrx_word' id='word_1_130' title='bbox 1057 2277 1230 2324; x_wconf 81' lang='lat' dir='ltr'>AVRI</span> <span class='ocrx_word' id='word_1_131' title='bbox 1283 2275 1476 2324; x_wconf 80' lang='lat' dir='ltr'>AVRA</span> <span class='ocrx_word' id='word_1_132' title='bbox 1539 2257 1850 2342; x_wconf 82' lang='lat' dir='ltr'>splendor</span> <span class='ocrx_word' id='word_1_133' title='bbox 1915 2257 2087 2322; x_wconf 82' lang='lat' dir='ltr'>auri:</span> <span class='ocrx_word' id='word_1_134' title='bbox 2148 2255 2465 2322; x_wconf 80' lang='lat' dir='ltr'>Horatius</span> <span class='ocrx_word' id='word_1_135' title='bbox 2522 2261 2655 2322; x_wconf 82' lang='lat' dir='ltr'>tua</span> <span class='ocrx_word' id='word_1_136' title='bbox 2718 2279 2807 2322; x_wconf 85' lang='lat' dir='ltr'>ne</span> <span class='ocrx_word' id='word_1_137' title='bbox 2870 2255 3223 2322; x_wconf 83' lang='lat' dir='ltr'>retardet</span> <span class='ocrx_word' id='word_1_138' title='bbox 3258 2267 3327 2316; x_wconf 88' lang='lat'>15</span> 
     </span>
     <span class='ocr_line' id='line_1_17' title="bbox 659 2363 3221 2450; baseline -0.002 -18"><span class='ocrx_word' id='word_1_139' title='bbox 659 2391 846 2434; x_wconf 83' lang='lat' dir='ltr'>aura</span> <span class='ocrx_word' id='word_1_140' title='bbox 889 2369 1168 2432; x_wconf 85' lang='lat' dir='ltr'>marito</span> <span class='ocrx_word' id='word_1_141' title='bbox 1185 2389 1242 2450; x_wconf 78' lang='lat' dir='ltr'>S,</span> <span class='ocrx_word' id='word_1_142' title='bbox 1285 2365 1354 2430; x_wconf 86' lang='lat' dir='ltr'>id</span> <span class='ocrx_word' id='word_1_143' title='bbox 1401 2369 1504 2432; x_wconf 83' lang='lat' dir='ltr'>est</span> <span class='ocrx_word' id='word_1_144' title='bbox 1549 2363 1874 2448; x_wconf 83' lang='lat' dir='ltr'>splendor.</span> <span class='ocrx_word' id='word_1_145' title='bbox 1949 2365 2101 2430; x_wconf 87' lang='lat' dir='ltr'>hine</span> <span class='ocrx_word' id='word_1_146' title='bbox 2138 2369 2207 2428; x_wconf 89' lang='lat' dir='ltr'>et</span> <span class='ocrx_word' id='word_1_147' title='bbox 2242 2387 2471 2430; x_wconf 82' lang='lat' dir='ltr'>aurum</span> <span class='ocrx_word' id='word_1_148' title='bbox 2508 2363 2743 2430; x_wconf 86' lang='lat' dir='ltr'>dieitur</span> <span class='ocrx_word' id='word_1_149' title='bbox 2780 2387 2823 2428; x_wconf 83' lang='lat' dir='ltr'>a</span> <span class='ocrx_word' id='word_1_150' title='bbox 2860 2363 3221 2448; x_wconf 80' lang='lat' dir='ltr'><strong>splendore,</strong></span> 
     </span>
     <span class='ocr_line' id='line_1_18' title="bbox 657 2471 3219 2560; baseline -0.002 -22"><span class='ocrx_word' id='word_1_151' title='bbox 657 2475 770 2560; x_wconf 87' lang='lat' dir='ltr'>qui</span> <span class='ocrx_word' id='word_1_152' title='bbox 827 2477 922 2540; x_wconf 85' lang='lat' dir='ltr'>est</span> <span class='ocrx_word' id='word_1_153' title='bbox 971 2475 1038 2538; x_wconf 85' lang='grc'>111</span> <span class='ocrx_word' id='word_1_154' title='bbox 1087 2493 1160 2536; x_wconf 89' lang='grc'>60</span> <span class='ocrx_word' id='word_1_155' title='bbox 1223 2473 1510 2536; x_wconf 74' lang='lat' dir='ltr'>metallo:</span> <span class='ocrx_word' id='word_1_156' title='bbox 1567 2471 1722 2534; x_wconf 86' lang='lat' dir='ltr'>hine</span> <span class='ocrx_word' id='word_1_157' title='bbox 1777 2475 1846 2534; x_wconf 91' lang='lat' dir='ltr'>et</span> <span class='ocrx_word' id='word_1_158' title='bbox 1897 2471 2141 2534; x_wconf 86' lang='lat' dir='ltr'>aura-rii</span> <span class='ocrx_word' id='word_1_159' title='bbox 2200 2471 2377 2552; x_wconf 78' lang='lat' dir='ltr'>dicti,</span> <span class='ocrx_word' id='word_1_160' title='bbox 2438 2493 2711 2556; x_wconf 81' lang='lat' dir='ltr'>quorum</span> <span class='ocrx_word' id='word_1_161' title='bbox 2762 2471 2953 2534; x_wconf 85' lang='lat' dir='ltr'>favor</span> <span class='ocrx_word' id='word_1_162' title='bbox 3002 2471 3219 2554; x_wconf 84' lang='lat' dir='ltr'>splen-</span> 
     </span>
     <span class='ocr_line' id='line_1_19' title="bbox 657 2579 1118 2648; baseline -0.009 -2"><span class='ocrx_word' id='word_1_163' title='bbox 657 2581 842 2648; x_wconf 82' lang='lat' dir='ltr'>didos</span> <span class='ocrx_word' id='word_1_164' title='bbox 889 2579 1118 2646; x_wconf 89' lang='lat' dir='ltr'>reddit.</span> 
     </span>
    </p>

    <p class='ocr_par' dir='ltr' id='par_1_8' title="bbox 595 2683 3323 3092">
     <span class='ocr_line' id='line_1_20' title="bbox 781 2683 3217 2770; baseline -0.002 -16"><span class='ocrx_word' id='word_1_165' title='bbox 781 2765 790 2770; x_wconf 41' lang='grc'>,</span> <span class='ocrx_word' id='word_1_166' title='bbox 835 2687 984 2754; x_wconf 76' lang='lat'>205.</span> <span class='ocrx_word' id='word_1_167' title='bbox 1051 2703 1366 2752; x_wconf 78' lang='lat' dir='ltr'>BRVMALI</span> <span class='ocrx_word' id='word_1_168' title='bbox 1417 2703 1728 2752; x_wconf 72' lang='lat' dir='ltr'>FRIGORE</span> <span class='ocrx_word' id='word_1_169' title='bbox 1781 2703 2033 2752; x_wconf 77' lang='lat' dir='ltr'>V1SOVM</span> <span class='ocrx_word' id='word_1_170' title='bbox 2102 2687 2261 2750; x_wconf 87' lang='lat' dir='ltr'>bene</span> <span class='ocrx_word' id='word_1_171' title='bbox 2320 2683 2661 2750; x_wconf 72' lang='lat' dir='ltr'>‘brumali&#39;</span> <span class='ocrx_word' id='word_1_172' title='bbox 2724 2683 2995 2748; x_wconf 84' lang='lat' dir='ltr'>addidit:</span> <span class='ocrx_word' id='word_1_173' title='bbox 3062 2687 3217 2750; x_wconf 84' lang='lat' dir='ltr'>tuno</span> 
     </span>
     <span class='ocr_line' id='line_1_21' title="bbox 655 2789 3323 2876; baseline -0.003 -18"><span class='ocrx_word' id='word_1_174' title='bbox 655 2797 830 2860; x_wconf 86' lang='lat' dir='ltr'>enim</span> <span class='ocrx_word' id='word_1_175' title='bbox 877 2795 1204 2858; x_wconf 85' lang='lat' dir='ltr'>maturum</span> <span class='ocrx_word' id='word_1_176' title='bbox 1243 2795 1344 2858; x_wconf 85' lang='lat' dir='ltr'>est</span> <span class='ocrx_word' id='word_1_177' title='bbox 1381 2797 1444 2858; x_wconf 89' lang='lat' dir='ltr'>et</span> <span class='ocrx_word' id='word_1_178' title='bbox 1483 2795 1626 2858; x_wconf 85' lang='lat' dir='ltr'>auri</span> <span class='ocrx_word' id='word_1_179' title='bbox 1667 2793 1967 2856; x_wconf 75' lang='lat' dir='ltr'>imitatur</span> <span class='ocrx_word' id='word_1_180' title='bbox 2012 2795 2323 2876; x_wconf 83' lang='lat' dir='ltr'>colorem,</span> <span class='ocrx_word' id='word_1_181' title='bbox 2366 2813 2519 2858; x_wconf 80' lang='lat' dir='ltr'>nam</span> <span class='ocrx_word' id='word_1_182' title='bbox 2558 2813 2729 2858; x_wconf 79' lang='lat' dir='ltr'>nova</span> <span class='ocrx_word' id='word_1_183' title='bbox 2762 2789 2993 2856; x_wconf 82' lang='lat' dir='ltr'>fronde</span> <span class='ocrx_word' id='word_1_184' title='bbox 3028 2793 3215 2858; x_wconf 84' lang='lat' dir='ltr'>viret.</span> <span class='ocrx_word' id='word_1_185' title='bbox 3250 2801 3323 2852; x_wconf 83' lang='grc' dir='ltr'><strong>2ο</strong></span> 
     </span>
     <span class='ocr_line' id='line_1_22' title="bbox 595 2897 3215 2986; baseline -0.002 -20"><span class='ocrx_word' id='word_1_186' title='bbox 595 2901 598 2904; x_wconf 67' lang='grc'><strong>’</strong></span> <span class='ocrx_word' id='word_1_187' title='bbox 655 2901 860 2986; x_wconf 80' lang='lat' dir='ltr'>quod,</span> <span class='ocrx_word' id='word_1_188' title='bbox 913 2905 990 2964; x_wconf 85' lang='lat' dir='ltr'>ut</span> <span class='ocrx_word' id='word_1_189' title='bbox 1043 2901 1140 2964; x_wconf 83' lang='lat' dir='ltr'>ait</span> <span class='ocrx_word' id='word_1_190' title='bbox 1181 2897 1432 2964; x_wconf 81' lang='lat' dir='ltr'>Plinius</span> <span class='ocrx_word' id='word_1_191' title='bbox 1483 2901 1550 2964; x_wconf 79' lang='lat' dir='ltr'>in</span> <span class='ocrx_word' id='word_1_192' title='bbox 1595 2901 1878 2964; x_wconf 84' lang='lat' dir='ltr'>naturali</span> <span class='ocrx_word' id='word_1_193' title='bbox 1923 2897 2201 2964; x_wconf 80' lang='lat' dir='ltr'>historia</span> <span class='ocrx_word' id='word_1_194' title='bbox 2246 2897 2447 2984; x_wconf 85' lang='lat' dir='ltr'>&lt;XVI</span> <span class='ocrx_word' id='word_1_195' title='bbox 2488 2899 2695 2984; x_wconf 79' lang='lat'>247&gt;‚</span> <span class='ocrx_word' id='word_1_196' title='bbox 2746 2897 2825 2962; x_wconf 88' lang='lat' dir='ltr'>de</span> <span class='ocrx_word' id='word_1_197' title='bbox 2876 2899 3031 2962; x_wconf 88' lang='lat' dir='ltr'>fimo</span> <span class='ocrx_word' id='word_1_198' title='bbox 3080 2903 3215 2962; x_wconf 89' lang='lat' dir='ltr'>tur-</span> 
     </span>
     <span class='ocr_line' id='line_1_23' title="bbox 653 3003 3213 3092; baseline -0.002 -18"><span class='ocrx_word' id='word_1_199' title='bbox 653 3007 944 3074; x_wconf 84' lang='lat' dir='ltr'>delarum</span> <span class='ocrx_word' id='word_1_200' title='bbox 991 3007 1058 3070; x_wconf 86' lang='lat' dir='ltr'>in</span> <span class='ocrx_word' id='word_1_201' title='bbox 1107 3005 1294 3072; x_wconf 80' lang='lat' dir='ltr'>certis</span> <span class='ocrx_word' id='word_1_202' title='bbox 1347 3005 1684 3072; x_wconf 77' lang='lat' dir='ltr'>arboribus</span> <span class='ocrx_word' id='word_1_203' title='bbox 1733 3005 2051 3072; x_wconf 79' lang='lat' dir='ltr'>nascitur:</span> <span class='ocrx_word' id='word_1_204' title='bbox 2100 3007 2267 3072; x_wconf 85' lang='lat' dir='ltr'>unde</span> <span class='ocrx_word' id='word_1_205' title='bbox 2306 3005 2577 3072; x_wconf 81' lang='lat' dir='ltr'>Plautus</span> <span class='ocrx_word' id='word_1_206' title='bbox 2620 3005 2795 3092; x_wconf 79' lang='lat' dir='ltr'>ipsa,</span> <span class='ocrx_word' id='word_1_207' title='bbox 2844 3003 2999 3068; x_wconf 79' lang='lat' dir='ltr'>sibi</span> <span class='ocrx_word' id='word_1_208' title='bbox 3048 3005 3213 3070; x_wconf 82' lang='lat' dir='ltr'>avis</span> 
     </span>
    </p>
   </div>
   <div class='ocr_carea' id='block_1_3' title="bbox 651 3119 1248 3180">
    <p class='ocr_par' dir='ltr' id='par_1_9' title="bbox 651 3119 1248 3180">
     <span class='ocr_line' id='line_1_24' title="bbox 651 3119 1248 3180; baseline 0 -2"><span class='ocrx_word' id='word_1_209' title='bbox 651 3119 974 3180; x_wconf 84' lang='lat' dir='ltr'>mortem</span> <span class='ocrx_word' id='word_1_210' title='bbox 1019 3119 1248 3178; x_wconf 84' lang='lat' dir='ltr'>creat.</span> 
     </span>
    </p>
   </div>
   <div class='ocr_carea' id='block_1_4' title="bbox 653 3241 1080 3250">
    <p class='ocr_par' dir='ltr' id='par_1_10' title="bbox 653 3241 1080 3250">
     <span class='ocr_line' id='line_1_25' title="bbox 653 3241 1080 3250; baseline 0 2534"><span class='ocrx_word' id='word_1_211' title='bbox 653 3241 1080 3250; x_wconf 95' lang='lat' dir='ltr'> </span> 
     </span>
    </p>
   </div>
   <div class='ocr_carea' id='block_1_5' title="bbox 649 3305 3213 3524">
    <p class='ocr_par' dir='ltr' id='par_1_11' title="bbox 649 3305 3213 3524">
     <span class='ocr_line' id='line_1_26' title="bbox 795 3305 3213 3380; baseline -0.002 -18"><span class='ocrx_word' id='word_1_212' title='bbox 795 3315 828 3362; x_wconf 84' lang='grc'>6</span> <span class='ocrx_word' id='word_1_213' title='bbox 869 3307 992 3364; x_wconf 79' lang='lat' dir='ltr'>alii.</span> <span class='ocrx_word' id='word_1_214' title='bbox 1013 3351 1024 3362; x_wconf 91' lang='lat'><strong>.</strong></span> <span class='ocrx_word' id='word_1_215' title='bbox 1045 3305 1296 3378; x_wconf 61' lang='lat' dir='ltr'>ananus]</span> <span class='ocrx_word' id='word_1_216' title='bbox 1329 3325 1498 3362; x_wconf 77' lang='lat' dir='ltr'>exser.</span> <span class='ocrx_word' id='word_1_217' title='bbox 1529 3307 1656 3364; x_wconf 71' lang='lat' dir='ltr'>Isid.</span> <span class='ocrx_word' id='word_1_218' title='bbox 1691 3325 1764 3362; x_wconf 88' lang='lat' dir='ltr'>or.</span> <span class='ocrx_word' id='word_1_219' title='bbox 1795 3307 1902 3362; x_wconf 87' lang='lat' dir='ltr'>XII</span> <span class='ocrx_word' id='word_1_220' title='bbox 1925 3313 1975 3374; x_wconf 83' lang='lat'>7,</span> <span class='ocrx_word' id='word_1_221' title='bbox 1996 3311 2029 3358; x_wconf 88' lang='grc'>4</span> <span class='ocrx_word' id='word_1_222' title='bbox 2058 3309 2077 3378; x_wconf 78' lang='grc' dir='ltr'>Η</span> <span class='ocrx_word' id='word_1_223' title='bbox 2106 3311 2135 3358; x_wconf 82' lang='grc'>9</span> <span class='ocrx_word' id='word_1_224' title='bbox 2168 3309 2225 3362; x_wconf 86' lang='lat' dir='ltr'>et</span> <span class='ocrx_word' id='word_1_225' title='bbox 2250 3307 2523 3380; x_wconf 79' lang='lat' dir='ltr'>graviter]</span> <span class='ocrx_word' id='word_1_226' title='bbox 2554 3323 2743 3378; x_wconf 80' lang='lat' dir='ltr'>georg.</span> <span class='ocrx_word' id='word_1_227' title='bbox 2770 3305 2849 3360; x_wconf 83' lang='lat' dir='ltr'>IV</span> <span class='ocrx_word' id='word_1_228' title='bbox 2870 3311 2939 3360; x_wconf 85' lang='lat'>31</span> <span class='ocrx_word' id='word_1_229' title='bbox 2968 3307 2985 3377; x_wconf 82' lang='grc' dir='ltr'>ΙΙ</span> <span class='ocrx_word' id='word_1_230' title='bbox 3014 3311 3083 3360; x_wconf 97' lang='grc'>12</span> <span class='ocrx_word' id='word_1_231' title='bbox 3112 3305 3213 3360; x_wconf 81' lang='lat' dir='ltr'>sed</span> 
     </span>
     <span class='ocr_line' id='line_1_27' title="bbox 649 3377 3209 3452; baseline -0.002 -18"><span class='ocrx_word' id='word_1_232' title='bbox 649 3397 856 3448; x_wconf 83' lang='lat' dir='ltr'>purum-</span> <span class='ocrx_word' id='word_1_233' title='bbox 889 3379 996 3450; x_wconf 74' lang='lat' dir='ltr'>ait]</span> <span class='ocrx_word' id='word_1_234' title='bbox 1045 3377 1114 3434; x_wconf 79' lang='lat' dir='ltr'>of.</span> <span class='ocrx_word' id='word_1_235' title='bbox 1153 3379 1294 3436; x_wconf 85' lang='lat' dir='ltr'>Non.</span> <span class='ocrx_word' id='word_1_236' title='bbox 1337 3399 1388 3450; x_wconf 88' lang='lat' dir='ltr'>p.</span> <span class='ocrx_word' id='word_1_237' title='bbox 1429 3385 1550 3446; x_wconf 71' lang='lat'><strong>334,</strong></span> <span class='ocrx_word' id='word_1_238' title='bbox 1595 3385 1656 3434; x_wconf 84' lang='grc'>16</span> <span class='ocrx_word' id='word_1_239' title='bbox 1695 3381 1768 3434; x_wconf 88' lang='grc' dir='ltr'>Μ.</span> <span class='ocrx_word' id='word_1_240' title='bbox 1819 3383 1838 3452; x_wconf 78' lang='grc' dir='ltr'>[Ι</span> <span class='ocrx_word' id='word_1_241' title='bbox 1891 3383 1961 3432; x_wconf 90' lang='lat'>15</span> <span class='ocrx_word' id='word_1_242' title='bbox 1996 3379 2261 3448; x_wconf 75' lang='lat' dir='ltr'>splendor</span> <span class='ocrx_word' id='word_1_243' title='bbox 2300 3379 2423 3434; x_wconf 82' lang='lat' dir='ltr'>auri</span> <span class='ocrx_word' id='word_1_244' title='bbox 2462 3419 2515 3436; x_wconf 85' lang='lat'>..</span> <span class='ocrx_word' id='word_1_245' title='bbox 2552 3423 2563 3434; x_wconf 91' lang='lat'><strong>.</strong></span> <span class='ocrx_word' id='word_1_246' title='bbox 2602 3377 2813 3452; x_wconf 79' lang='lat' dir='ltr'>reddit]</span> <span class='ocrx_word' id='word_1_247' title='bbox 2860 3395 3035 3434; x_wconf 82' lang='lat' dir='ltr'>exser.</span> <span class='ocrx_word' id='word_1_248' title='bbox 3076 3377 3209 3430; x_wconf 81' lang='lat' dir='ltr'>Isid.</span> 
     </span>
     <span class='ocr_line' id='line_1_28' title="bbox 651 3449 3209 3524; baseline -0.001 -18"><span class='ocrx_word' id='word_1_249' title='bbox 651 3467 730 3506; x_wconf 90' lang='lat' dir='ltr'>or.</span> <span class='ocrx_word' id='word_1_250' title='bbox 765 3449 894 3506; x_wconf 86' lang='lat' dir='ltr'>XVI</span> <span class='ocrx_word' id='word_1_251' title='bbox 935 3455 1026 3520; x_wconf 87' lang='lat'>18,</span> <span class='ocrx_word' id='word_1_252' title='bbox 1069 3455 1096 3504; x_wconf 93' lang='lat'>1</span> <span class='ocrx_word' id='word_1_253' title='bbox 1143 3452 1162 3521; x_wconf 89' lang='grc' dir='ltr'>ΙΙ</span> <span class='ocrx_word' id='word_1_254' title='bbox 1219 3449 1504 3524; x_wconf 81' lang='lat' dir='ltr'>Horatius]</span> <span class='ocrx_word' id='word_1_255' title='bbox 1561 3467 1726 3506; x_wconf 82' lang='lat' dir='ltr'>carm.</span> <span class='ocrx_word' id='word_1_256' title='bbox 1763 3451 1818 3506; x_wconf 94' lang='lat' dir='ltr'>II</span> <span class='ocrx_word' id='word_1_257' title='bbox 1855 3457 1910 3518; x_wconf 83' lang='grc'>8,</span> <span class='ocrx_word' id='word_1_258' title='bbox 1956 3455 2019 3504; x_wconf 84' lang='grc'><strong>23</strong></span> <span class='ocrx_word' id='word_1_259' title='bbox 2078 3451 2099 3520; x_wconf 86' lang='grc' dir='ltr'>ΙΙ</span> <span class='ocrx_word' id='word_1_260' title='bbox 2148 3455 2219 3506; x_wconf 88' lang='grc'>21</span> <span class='ocrx_word' id='word_1_261' title='bbox 2256 3449 2409 3520; x_wconf 84' lang='lat' dir='ltr'>quod</span> <span class='ocrx_word' id='word_1_262' title='bbox 2450 3495 2461 3506; x_wconf 91' lang='lat'><strong>.</strong></span> <span class='ocrx_word' id='word_1_263' title='bbox 2500 3495 2513 3506; x_wconf 93' lang='lat'>.</span> <span class='ocrx_word' id='word_1_264' title='bbox 2558 3495 2569 3506; x_wconf 92' lang='lat'>.</span> <span class='ocrx_word' id='word_1_265' title='bbox 2608 3451 2783 3520; x_wconf 79' lang='lat' dir='ltr'>creat]</span> <span class='ocrx_word' id='word_1_266' title='bbox 2846 3449 2913 3506; x_wconf 82' lang='lat' dir='ltr'>of.</span> <span class='ocrx_word' id='word_1_267' title='bbox 2960 3449 3089 3506; x_wconf 77' lang='lat' dir='ltr'>Isid.</span> <span class='ocrx_word' id='word_1_268' title='bbox 3128 3467 3209 3506; x_wconf 83' lang='lat' dir='ltr'>or.</span> 
     </span>
    </p>
   </div>
   <div class='ocr_carea' id='block_1_6' title="bbox 649 3521 968 3592">
    <p class='ocr_par' dir='ltr' id='par_1_12' title="bbox 649 3521 968 3592">
     <span class='ocr_line' id='line_1_29' title="bbox 649 3521 968 3592; baseline 0 -16"><span class='ocrx_word' id='word_1_269' title='bbox 649 3521 770 3590; x_wconf 79' lang='grc' dir='ltr'>ΧΠ,</span> <span class='ocrx_word' id='word_1_270' title='bbox 813 3529 862 3592; x_wconf 74' lang='grc' dir='ltr'>τ,</span> <span class='ocrx_word' id='word_1_271' title='bbox 901 3527 968 3576; x_wconf 76' lang='lat'>71</span> 
     </span>
    </p>
   </div>
   <div class='ocr_carea' id='block_1_7' title="bbox 557 3661 3285 5121">
    <p class='ocr_par' dir='ltr' id='par_1_13' title="bbox 557 3661 3285 5121">
     <span class='ocr_line' id='line_1_30' title="bbox 763 3661 2195 3688; baseline 0.001 -2"><span class='ocrx_word' id='word_1_272' title='bbox 763 3675 768 3680; x_wconf 90' lang='lat'><em>·</em></span> <span class='ocrx_word' id='word_1_273' title='bbox 2176 3661 2195 3688; x_wconf 82' lang='lat'>1</span> 
     </span>
     <span class='ocr_line' id='line_1_31' title="bbox 795 3697 3209 3772; baseline 0 -20"><span class='ocrx_word' id='word_1_274' title='bbox 795 3707 830 3752; x_wconf 82' lang='lat'>2</span> <span class='ocrx_word' id='word_1_275' title='bbox 869 3697 1266 3770; x_wconf 75' lang='lat' dir='ltr'>praecipitauit</span> <span class='ocrx_word' id='word_1_276' title='bbox 1293 3717 1390 3754; x_wconf 83' lang='lat' dir='ltr'>eos</span> <span class='ocrx_word' id='word_1_277' title='bbox 1417 3701 1476 3754; x_wconf 81' lang='lat' dir='ltr'><em>R</em></span> <span class='ocrx_word' id='word_1_278' title='bbox 1501 3701 1520 3770; x_wconf 74' lang='grc' dir='ltr'>ΙΙ</span> <span class='ocrx_word' id='word_1_279' title='bbox 1545 3699 1973 3770; x_wconf 79' lang='lat' dir='ltr'>praecipitavit]</span> <span class='ocrx_word' id='word_1_280' title='bbox 2006 3701 2217 3754; x_wconf 82' lang='lat' dir='ltr'>necant</span> <span class='ocrx_word' id='word_1_281' title='bbox 2242 3701 2321 3754; x_wconf 84' lang='lat' dir='ltr'><em>M</em></span> <span class='ocrx_word' id='word_1_282' title='bbox 2342 3703 2359 3772; x_wconf 82' lang='grc' dir='ltr'>ΙΙ</span> <span class='ocrx_word' id='word_1_283' title='bbox 2384 3701 2513 3756; x_wconf 84' lang='lat' dir='ltr'>inde</span> <span class='ocrx_word' id='word_1_284' title='bbox 2544 3699 2781 3754; x_wconf 83' lang='lat' dir='ltr'>nauibus</span> <span class='ocrx_word' id='word_1_285' title='bbox 2812 3701 2995 3754; x_wconf 79' lang='lat' dir='ltr'>uictor</span> <span class='ocrx_word' id='word_1_286' title='bbox 3020 3715 3209 3754; x_wconf 84' lang='lat' dir='ltr'>reuer-</span> 
     </span>
     <span class='ocr_line' id='line_1_32' title="bbox 645 3771 3209 3840; baseline 0 -16"><span class='ocrx_word' id='word_1_287' title='bbox 645 3771 772 3824; x_wconf 80' lang='lat' dir='ltr'>tens</span> <span class='ocrx_word' id='word_1_288' title='bbox 821 3771 894 3824; x_wconf 81' lang='lat' dir='ltr'>ad</span> <span class='ocrx_word' id='word_1_289' title='bbox 939 3771 1170 3824; x_wconf 81' lang='lat' dir='ltr'>africam</span> <span class='ocrx_word' id='word_1_290' title='bbox 1219 3773 1454 3826; x_wconf 82' lang='lat' dir='ltr'>tendens</span> <span class='ocrx_word' id='word_1_291' title='bbox 1489 3771 1624 3824; x_wconf 78' lang='lat' dir='ltr'>RH</span> <span class='ocrx_word' id='word_1_292' title='bbox 1627 3773 1708 3824; x_wconf 83' lang='lat' dir='ltr'><strong><em>M</em></strong></span> <span class='ocrx_word' id='word_1_293' title='bbox 1713 3813 1732 3838; x_wconf 82' lang='lat'>‚</span> <span class='ocrx_word' id='word_1_294' title='bbox 1783 3773 1898 3824; x_wconf 74' lang='lat' dir='ltr'>uisi</span> <span class='ocrx_word' id='word_1_295' title='bbox 1945 3773 2093 3840; x_wconf 72' lang='lat' dir='ltr'>quod</span> <span class='ocrx_word' id='word_1_296' title='bbox 2126 3773 2275 3826; x_wconf 84' lang='lat' dir='ltr'>vieto</span> <span class='ocrx_word' id='word_1_297' title='bbox 2320 3777 2397 3838; x_wconf 86' lang='lat' dir='ltr'>H,</span> <span class='ocrx_word' id='word_1_298' title='bbox 2454 3773 2647 3828; x_wconf 80' lang='lat' dir='ltr'>tenens</span> <span class='ocrx_word' id='word_1_299' title='bbox 2690 3773 2763 3824; x_wconf 82' lang='lat' dir='ltr'><em>M</em></span> <span class='ocrx_word' id='word_1_300' title='bbox 2768 3815 2783 3838; x_wconf 86' lang='lat'>‚</span> <span class='ocrx_word' id='word_1_301' title='bbox 2846 3771 2989 3840; x_wconf 72' lang='lat' dir='ltr'>quod</span> <span class='ocrx_word' id='word_1_302' title='bbox 3024 3773 3209 3840; x_wconf 73' lang='lat' dir='ltr'>ipsum</span> 
     </span>
     <span class='ocr_line' id='line_1_33' title="bbox 643 3841 3241 3910; baseline 0 -14"><span class='ocrx_word' id='word_1_303' title='bbox 643 3845 774 3908; x_wconf 76' lang='lat' dir='ltr'>post</span> <span class='ocrx_word' id='word_1_304' title='bbox 809 3843 1036 3896; x_wconf 76' lang='lat' dir='ltr'>deletum</span> <span class='ocrx_word' id='word_1_305' title='bbox 1075 3847 1162 3896; x_wconf 76' lang='lat' dir='ltr'>est.</span> <span class='ocrx_word' id='word_1_306' title='bbox 1239 3843 1370 3902; x_wconf 80' lang='lat' dir='ltr'>inde</span> <span class='ocrx_word' id='word_1_307' title='bbox 1405 3841 1640 3896; x_wconf 83' lang='lat' dir='ltr'>nauibus</span> <span class='ocrx_word' id='word_1_308' title='bbox 1679 3841 1862 3896; x_wconf 82' lang='lat' dir='ltr'>uictor</span> <span class='ocrx_word' id='word_1_309' title='bbox 1895 3845 2183 3896; x_wconf 82' lang='lat' dir='ltr'>reuertens</span> <span class='ocrx_word' id='word_1_310' title='bbox 2220 3845 2293 3896; x_wconf 85' lang='lat' dir='ltr'>ad</span> <span class='ocrx_word' id='word_1_311' title='bbox 2330 3845 2579 3898; x_wconf 83' lang='lat' dir='ltr'>Africam</span> <span class='ocrx_word' id='word_1_312' title='bbox 2612 3843 2665 3896; x_wconf 88' lang='lat' dir='ltr'><strong><em>A</em></strong></span> <span class='ocrx_word' id='word_1_313' title='bbox 2682 3843 2727 3898; x_wconf 78' lang='lat' dir='ltr'><strong><em>S</em></strong></span> <span class='ocrx_word' id='word_1_314' title='bbox 2758 3843 3013 3910; x_wconf 85' lang='lat' dir='ltr'>(tendens</span> <span class='ocrx_word' id='word_1_315' title='bbox 3054 3859 3205 3910; x_wconf 76' lang='lat' dir='ltr'>supr.</span> <span class='ocrx_word' id='word_1_316' title='bbox 3236 3885 3241 3890; x_wconf 86' lang='lat'><strong>.</strong></span> 
     </span>
     <span class='ocr_line' id='line_1_34' title="bbox 643 3911 3209 3982; baseline 0.002 -18"><span class='ocrx_word' id='word_1_317' title='bbox 643 3927 778 3966; x_wconf 77' lang='lat' dir='ltr'>vers.</span> <span class='ocrx_word' id='word_1_318' title='bbox 829 3911 956 3964; x_wconf 78' lang='lat' dir='ltr'>add.</span> <span class='ocrx_word' id='word_1_319' title='bbox 1005 3913 1078 3978; x_wconf 86' lang='lat' dir='ltr'>a).</span> <span class='ocrx_word' id='word_1_320' title='bbox 1151 3911 1226 3966; x_wconf 86' lang='lat' dir='ltr'>ad</span> <span class='ocrx_word' id='word_1_321' title='bbox 1273 3911 1522 3966; x_wconf 77' lang='lat' dir='ltr'>Africam</span> <span class='ocrx_word' id='word_1_322' title='bbox 1579 3911 1814 3966; x_wconf 80' lang='lat' dir='ltr'>tendens</span> <span class='ocrx_word' id='word_1_323' title='bbox 1867 3917 1932 3964; x_wconf 73' lang='lat' dir='ltr'>ut</span> <span class='ocrx_word' id='word_1_324' title='bbox 1982 3913 2051 3964; x_wconf 87' lang='lat' dir='ltr'>ab</span> <span class='ocrx_word' id='word_1_325' title='bbox 2102 3913 2315 3968; x_wconf 72' lang='lat' dir='ltr'>homine</span> <span class='ocrx_word' id='word_1_326' title='bbox 2364 3913 2549 3968; x_wconf 78' lang='lat' dir='ltr'>Servii</span> <span class='ocrx_word' id='word_1_327' title='bbox 2600 3913 2909 3982; x_wconf 72' lang='lat' dir='ltr'>corriqeudi</span> <span class='ocrx_word' id='word_1_328' title='bbox 2962 3915 3209 3968; x_wconf 73' lang='lat' dir='ltr'>studioso</span> 
     </span>
     <span class='ocr_line' id='line_1_35' title="bbox 641 3983 3209 4052; baseline 0.002 -18"><span class='ocrx_word' id='word_1_329' title='bbox 641 3983 892 4048; x_wconf 75' lang='lat' dir='ltr'>profecta</span> <span class='ocrx_word' id='word_1_330' title='bbox 937 3983 1146 4034; x_wconf 74' lang='lat' dir='ltr'>seclusi.</span> <span class='ocrx_word' id='word_1_331' title='bbox 1223 3983 1284 4034; x_wconf 72' lang='lat' dir='ltr'>iu</span> <span class='ocrx_word' id='word_1_332' title='bbox 1327 3989 1734 4052; x_wconf 72' lang='lat' dir='ltr'>proyrammate</span> <span class='ocrx_word' id='word_1_333' title='bbox 1765 3983 2395 4052; x_wconf 70' lang='lat' dir='ltr'>Neobraudeuburyeusi</span> <span class='ocrx_word' id='word_1_334' title='bbox 2434 4001 2483 4040; x_wconf 86' lang='lat' dir='ltr'>a.</span> <span class='ocrx_word' id='word_1_335' title='bbox 2524 3989 2657 4038; x_wconf 79' lang='grc'><strong>1871</strong></span> <span class='ocrx_word' id='word_1_336' title='bbox 2702 4001 2759 4052; x_wconf 76' lang='lat' dir='ltr'>p.</span> <span class='ocrx_word' id='word_1_337' title='bbox 2804 3989 2869 4036; x_wconf 86' lang='grc'>12</span> <span class='ocrx_word' id='word_1_338' title='bbox 2908 3983 3075 4038; x_wconf 79' lang='lat' dir='ltr'>verba</span> <span class='ocrx_word' id='word_1_339' title='bbox 3106 3983 3209 4038; x_wconf 78' lang='lat' dir='ltr'>hoc</span> 
     </span>
     <span class='ocr_line' id='line_1_36' title="bbox 645 4053 3207 4110; baseline 0.002 -5"><span class='ocrx_word' id='word_1_340' title='bbox 645 4053 800 4106; x_wconf 80' lang='lat' dir='ltr'>modo</span> <span class='ocrx_word' id='word_1_341' title='bbox 839 4053 1176 4106; x_wconf 72' lang='lat' dir='ltr'>emendanda</span> <span class='ocrx_word' id='word_1_342' title='bbox 1213 4053 1388 4108; x_wconf 71' lang='lat' dir='ltr'>videri</span> <span class='ocrx_word' id='word_1_343' title='bbox 1423 4055 1550 4106; x_wconf 75' lang='lat' dir='ltr'>dixi</span> <span class='ocrx_word' id='word_1_344' title='bbox 1597 4053 1728 4106; x_wconf 89' lang='lat' dir='ltr'>inde</span> <span class='ocrx_word' id='word_1_345' title='bbox 1769 4053 2009 4108; x_wconf 80' lang='lat' dir='ltr'>navibus</span> <span class='ocrx_word' id='word_1_346' title='bbox 2046 4053 2317 4110; x_wconf 80' lang='lat' dir='ltr'>victoriae</span> <span class='ocrx_word' id='word_1_347' title='bbox 2354 4055 2537 4110; x_wconf 79' lang='lat' dir='ltr'>certus</span> <span class='ocrx_word' id='word_1_348' title='bbox 2578 4053 2649 4110; x_wconf 83' lang='lat' dir='ltr'>ad</span> <span class='ocrx_word' id='word_1_349' title='bbox 2684 4053 2937 4108; x_wconf 82' lang='lat' dir='ltr'>Africam</span> <span class='ocrx_word' id='word_1_350' title='bbox 2968 4055 3207 4108; x_wconf 80' lang='lat' dir='ltr'>tendens</span> 
     </span>
     <span class='ocr_line' id='line_1_37' title="bbox 643 4121 3207 4196; baseline 0.001 -20"><span class='ocrx_word' id='word_1_351' title='bbox 643 4121 660 4194; x_wconf 80' lang='grc' dir='ltr'>ΙΙ</span> <span class='ocrx_word' id='word_1_352' title='bbox 699 4131 732 4176; x_wconf 88' lang='grc'><strong>3</strong></span> <span class='ocrx_word' id='word_1_353' title='bbox 769 4121 832 4178; x_wconf 87' lang='grc'>111</span> <span class='ocrx_word' id='word_1_354' title='bbox 865 4121 1010 4178; x_wconf 84' lang='lat' dir='ltr'>mari</span> <span class='ocrx_word' id='word_1_355' title='bbox 1045 4141 1172 4178; x_wconf 84' lang='lat' dir='ltr'>eum</span> <span class='ocrx_word' id='word_1_356' title='bbox 1213 4125 1470 4180; x_wconf 84' lang='lat' dir='ltr'>omnibus</span> <span class='ocrx_word' id='word_1_357' title='bbox 1505 4141 1644 4194; x_wconf 85' lang='lat' dir='ltr'>quos</span> <span class='ocrx_word' id='word_1_358' title='bbox 1685 4125 1926 4180; x_wconf 77' lang='lat' dir='ltr'>ducebat</span> <span class='ocrx_word' id='word_1_359' title='bbox 1964 4125 2237 4180; x_wconf 76' lang='lat' dir='ltr'>extinctus</span> <span class='ocrx_word' id='word_1_360' title='bbox 2276 4127 2365 4180; x_wconf 82' lang='lat' dir='ltr'>est</span> <span class='ocrx_word' id='word_1_361' title='bbox 2396 4127 2553 4182; x_wconf 72' lang='lat' dir='ltr'>RH:</span> <span class='ocrx_word' id='word_1_362' title='bbox 2592 4145 2719 4180; x_wconf 84' lang='lat' dir='ltr'>eum</span> <span class='ocrx_word' id='word_1_363' title='bbox 2752 4125 2925 4196; x_wconf 87' lang='lat' dir='ltr'>periit</span> <span class='ocrx_word' id='word_1_364' title='bbox 2960 4127 3207 4180; x_wconf 79' lang='lat' dir='ltr'>exercitu</span> 
     </span>
     <span class='ocr_line' id='line_1_38' title="bbox 645 4193 3207 4268; baseline 0.002 -22"><span class='ocrx_word' id='word_1_365' title='bbox 645 4193 762 4248; x_wconf 71' lang='lat' dir='ltr'>AS</span> <span class='ocrx_word' id='word_1_366' title='bbox 797 4195 876 4262; x_wconf 84' lang='grc'><strong>(111</strong></span> <span class='ocrx_word' id='word_1_367' title='bbox 909 4193 1054 4248; x_wconf 85' lang='lat' dir='ltr'>mari</span> <span class='ocrx_word' id='word_1_368' title='bbox 1093 4197 1258 4266; x_wconf 83' lang='lat' dir='ltr'>periit</span> <span class='ocrx_word' id='word_1_369' title='bbox 1295 4213 1424 4250; x_wconf 87' lang='lat' dir='ltr'>eum</span> <span class='ocrx_word' id='word_1_370' title='bbox 1463 4195 1710 4250; x_wconf 79' lang='lat' dir='ltr'>exercitu</span> <span class='ocrx_word' id='word_1_371' title='bbox 1735 4197 1790 4264; x_wconf 85' lang='lat' dir='ltr'>a)</span> <span class='ocrx_word' id='word_1_372' title='bbox 1849 4197 1906 4250; x_wconf 88' lang='lat' dir='ltr'>in</span> <span class='ocrx_word' id='word_1_373' title='bbox 1945 4197 2087 4252; x_wconf 80' lang='lat' dir='ltr'>mari</span> <span class='ocrx_word' id='word_1_374' title='bbox 2124 4213 2249 4252; x_wconf 84' lang='lat' dir='ltr'>eum</span> <span class='ocrx_word' id='word_1_375' title='bbox 2288 4199 2443 4252; x_wconf 79' lang='lat' dir='ltr'>omni</span> <span class='ocrx_word' id='word_1_376' title='bbox 2474 4199 2641 4268; x_wconf 85' lang='lat' dir='ltr'>periit</span> <span class='ocrx_word' id='word_1_377' title='bbox 2680 4195 2929 4252; x_wconf 77' lang='lat' dir='ltr'>exercitu</span> <span class='ocrx_word' id='word_1_378' title='bbox 2964 4197 3025 4250; x_wconf 84' lang='lat' dir='ltr'>in</span> <span class='ocrx_word' id='word_1_379' title='bbox 3064 4197 3207 4250; x_wconf 75' lang='lat' dir='ltr'>mari</span> 
     </span>
     <span class='ocr_line' id='line_1_39' title="bbox 557 4265 3205 4338; baseline 0.002 -22"><span class='ocrx_word' id='word_1_380' title='bbox 557 4319 580 4336; x_wconf 62' lang='lat'><strong>·</strong></span> <span class='ocrx_word' id='word_1_381' title='bbox 645 4281 772 4316; x_wconf 83' lang='lat' dir='ltr'>eum</span> <span class='ocrx_word' id='word_1_382' title='bbox 809 4265 1066 4318; x_wconf 80' lang='lat' dir='ltr'>omnibus</span> <span class='ocrx_word' id='word_1_383' title='bbox 1113 4283 1252 4334; x_wconf 77' lang='lat' dir='ltr'>quos</span> <span class='ocrx_word' id='word_1_384' title='bbox 1299 4269 1542 4322; x_wconf 81' lang='lat' dir='ltr'>ducebat</span> <span class='ocrx_word' id='word_1_385' title='bbox 1591 4267 1866 4322; x_wconf 75' lang='lat' dir='ltr'>extinctus</span> <span class='ocrx_word' id='word_1_386' title='bbox 1903 4271 1991 4322; x_wconf 82' lang='lat' dir='ltr'>est</span> <span class='ocrx_word' id='word_1_387' title='bbox 2026 4269 2105 4320; x_wconf 85' lang='lat' dir='ltr'><em>M</em></span> <span class='ocrx_word' id='word_1_388' title='bbox 2156 4269 2237 4334; x_wconf 83' lang='lat' dir='ltr'>(in</span> <span class='ocrx_word' id='word_1_389' title='bbox 2268 4271 2413 4324; x_wconf 85' lang='lat' dir='ltr'>mari</span> <span class='ocrx_word' id='word_1_390' title='bbox 2454 4313 2465 4324; x_wconf 92' lang='lat'><strong><em>.</em></strong></span> <span class='ocrx_word' id='word_1_391' title='bbox 2492 4311 2507 4324; x_wconf 83' lang='lat'><strong><em>.</em></strong></span> <span class='ocrx_word' id='word_1_392' title='bbox 2540 4313 2553 4326; x_wconf 89' lang='lat'><strong>.</strong></span> <span class='ocrx_word' id='word_1_393' title='bbox 2594 4267 2841 4324; x_wconf 84' lang='lat' dir='ltr'>exercitu</span> <span class='ocrx_word' id='word_1_394' title='bbox 2870 4275 2993 4338; x_wconf 79' lang='lat' dir='ltr'>post</span> <span class='ocrx_word' id='word_1_395' title='bbox 3030 4271 3205 4324; x_wconf 76' lang='lat' dir='ltr'>deleta</span> 
     </span>
     <span class='ocr_line' id='line_1_40' title="bbox 643 4337 3205 4412; baseline 0.002 -24"><span class='ocrx_word' id='word_1_396' title='bbox 643 4337 794 4404; x_wconf 75' lang='lat' dir='ltr'>suut)</span> <span class='ocrx_word' id='word_1_397' title='bbox 825 4339 844 4406; x_wconf 86' lang='grc'>11</span> <span class='ocrx_word' id='word_1_398' title='bbox 871 4343 904 4388; x_wconf 83' lang='lat'>4</span> <span class='ocrx_word' id='word_1_399' title='bbox 943 4339 1000 4390; x_wconf 86' lang='lat' dir='ltr'>et</span> <span class='ocrx_word' id='word_1_400' title='bbox 1033 4337 1200 4392; x_wconf 85' lang='lat' dir='ltr'>multi</span> <span class='ocrx_word' id='word_1_401' title='bbox 1235 4339 1286 4392; x_wconf 98' lang='lat' dir='ltr'><strong><em>A</em></strong></span> <span class='ocrx_word' id='word_1_402' title='bbox 1319 4341 1336 4410; x_wconf 83' lang='grc' dir='ltr'>[Ι</span> <span class='ocrx_word' id='word_1_403' title='bbox 1365 4347 1394 4394; x_wconf 87' lang='grc'><strong>6</strong></span> <span class='ocrx_word' id='word_1_404' title='bbox 1437 4341 1844 4394; x_wconf 76' lang='lat' dir='ltr'>consueuerunt</span> <span class='ocrx_word' id='word_1_405' title='bbox 1879 4339 1959 4392; x_wconf 84' lang='lat' dir='ltr'><em>M</em></span> <span class='ocrx_word' id='word_1_406' title='bbox 1980 4339 1997 4410; x_wconf 90' lang='grc' dir='ltr'>ΙΙ</span> <span class='ocrx_word' id='word_1_407' title='bbox 2024 4343 2057 4394; x_wconf 88' lang='lat'>8</span> <span class='ocrx_word' id='word_1_408' title='bbox 2096 4341 2251 4394; x_wconf 77' lang='lat' dir='ltr'>schol.</span> <span class='ocrx_word' id='word_1_409' title='bbox 2282 4343 2359 4396; x_wconf 80' lang='lat' dir='ltr'>ad</span> <span class='ocrx_word' id='word_1_410' title='bbox 2380 4357 2435 4398; x_wconf 82' lang='lat' dir='ltr'>v.</span> <span class='ocrx_word' id='word_1_411' title='bbox 2466 4347 2569 4398; x_wconf 83' lang='lat'>199</span> <span class='ocrx_word' id='word_1_412' title='bbox 2606 4357 2709 4394; x_wconf 85' lang='lat' dir='ltr'>om.</span> <span class='ocrx_word' id='word_1_413' title='bbox 2740 4339 2795 4394; x_wconf 74' lang='lat' dir='ltr'><em>G</em></span> <span class='ocrx_word' id='word_1_414' title='bbox 2822 4343 2841 4412; x_wconf 75' lang='grc' dir='ltr'>ΙΙ</span> <span class='ocrx_word' id='word_1_415' title='bbox 2864 4339 3205 4410; x_wconf 80' lang='lat' dir='ltr'>prodiebant</span> 
     </span>
     <span class='ocr_line' id='line_1_41' title="bbox 645 4407 3205 4482; baseline 0.002 -22"><span class='ocrx_word' id='word_1_416' title='bbox 645 4407 722 4460; x_wconf 85' lang='lat' dir='ltr'><em>M</em></span> <span class='ocrx_word' id='word_1_417' title='bbox 745 4409 762 4478; x_wconf 73' lang='lat' dir='ltr'>{l</span> <span class='ocrx_word' id='word_1_418' title='bbox 799 4407 1110 4462; x_wconf 84' lang='lat' dir='ltr'>infinitiuus</span> <span class='ocrx_word' id='word_1_419' title='bbox 1145 4411 1216 4464; x_wconf 81' lang='lat' dir='ltr'><em>H</em></span> <span class='ocrx_word' id='word_1_420' title='bbox 1243 4412 1260 4480; x_wconf 93' lang='grc' dir='ltr'>ΙΙ</span> <span class='ocrx_word' id='word_1_421' title='bbox 1309 4417 1342 4466; x_wconf 87' lang='grc'>9</span> <span class='ocrx_word' id='word_1_422' title='bbox 1377 4429 1540 4466; x_wconf 60' lang='grc'><strong>(1111111</strong></span> <span class='ocrx_word' id='word_1_423' title='bbox 1579 4411 1638 4466; x_wconf 86' lang='grc' dir='ltr'><em>Η</em></span> <span class='ocrx_word' id='word_1_424' title='bbox 1675 4413 1696 4480; x_wconf 85' lang='grc' dir='ltr'>ΙΙ</span> <span class='ocrx_word' id='word_1_425' title='bbox 1733 4429 1961 4466; x_wconf 74' lang='lat' dir='ltr'><strong>OLENTES</strong></span> <span class='ocrx_word' id='word_1_426' title='bbox 1998 4409 2117 4466; x_wconf 77' lang='lat' dir='ltr'>FG</span> <span class='ocrx_word' id='word_1_427' title='bbox 2152 4415 2171 4482; x_wconf 92' lang='grc' dir='ltr'>ΙΙ</span> <span class='ocrx_word' id='word_1_428' title='bbox 2214 4411 2351 4468; x_wconf 79' lang='lat' dir='ltr'>alibi</span> <span class='ocrx_word' id='word_1_429' title='bbox 2384 4415 2525 4468; x_wconf 88' lang='lat' dir='ltr'>bene</span> <span class='ocrx_word' id='word_1_430' title='bbox 2552 4411 2765 4468; x_wconf 78' lang='lat' dir='ltr'>&#39;olentis</span> <span class='ocrx_word' id='word_1_431' title='bbox 2806 4429 2905 4466; x_wconf 80' lang='lat' dir='ltr'>om.</span> <span class='ocrx_word' id='word_1_432' title='bbox 2946 4411 3065 4466; x_wconf 75' lang='lat' dir='ltr'>FG</span> <span class='ocrx_word' id='word_1_433' title='bbox 3090 4413 3107 4482; x_wconf 87' lang='grc' dir='ltr'>ΙΙ</span> <span class='ocrx_word' id='word_1_434' title='bbox 3144 4413 3205 4466; x_wconf 83' lang='lat' dir='ltr'>et</span> 
     </span>
     <span class='ocr_line' id='line_1_42' title="bbox 643 4477 3203 4556; baseline 0.003 -26"><span class='ocrx_word' id='word_1_435' title='bbox 643 4493 744 4534; x_wconf 80' lang='lat' dir='ltr'>om.</span> <span class='ocrx_word' id='word_1_436' title='bbox 769 4477 886 4532; x_wconf 78' lang='lat' dir='ltr'>FG</span> <span class='ocrx_word' id='word_1_437' title='bbox 911 4480 932 4550; x_wconf 77' lang='lat' dir='ltr'>fl</span> <span class='ocrx_word' id='word_1_438' title='bbox 967 4485 1028 4532; x_wconf 91' lang='grc'>10</span> <span class='ocrx_word' id='word_1_439' title='bbox 1069 4489 1240 4548; x_wconf 73' lang='lat' dir='ltr'>graue</span> <span class='ocrx_word' id='word_1_440' title='bbox 1267 4481 1324 4536; x_wconf 76' lang='lat' dir='ltr'><em>G</em></span> <span class='ocrx_word' id='word_1_441' title='bbox 1349 4483 1366 4554; x_wconf 84' lang='grc' dir='ltr'>ΙΙ</span> <span class='ocrx_word' id='word_1_442' title='bbox 1393 4481 1558 4550; x_wconf 77' lang='lat' dir='ltr'>copia</span> <span class='ocrx_word' id='word_1_443' title='bbox 1595 4499 1692 4536; x_wconf 86' lang='lat' dir='ltr'>om.</span> <span class='ocrx_word' id='word_1_444' title='bbox 1725 4481 1774 4534; x_wconf 71' lang='lat' dir='ltr'><strong><em>G</em></strong></span> <span class='ocrx_word' id='word_1_445' title='bbox 1803 4485 1822 4552; x_wconf 90' lang='grc' dir='ltr'>ΙΙ</span> <span class='ocrx_word' id='word_1_446' title='bbox 1849 4481 2053 4556; x_wconf 82' lang='lat' dir='ltr'>timbre</span> <span class='ocrx_word' id='word_1_447' title='bbox 2084 4481 2201 4538; x_wconf 66' lang='grc' dir='ltr'>ΡΘ</span> <span class='ocrx_word' id='word_1_448' title='bbox 2252 4485 2505 4554; x_wconf 81' lang='lat' dir='ltr'>tymbrae</span> <span class='ocrx_word' id='word_1_449' title='bbox 2534 4485 2591 4538; x_wconf 91' lang='lat' dir='ltr'><strong><em>A</em></strong></span> <span class='ocrx_word' id='word_1_450' title='bbox 2616 4487 2633 4554; x_wconf 80' lang='lat' dir='ltr'>ss</span> <span class='ocrx_word' id='word_1_451' title='bbox 2662 4485 2763 4540; x_wconf 72' lang='lat' dir='ltr'>flos·</span> <span class='ocrx_word' id='word_1_452' title='bbox 2796 4485 2851 4538; x_wconf 79' lang='lat' dir='ltr'><em>R</em></span> <span class='ocrx_word' id='word_1_453' title='bbox 2904 4485 3079 4538; x_wconf 75' lang='lat' dir='ltr'>florea</span> <span class='ocrx_word' id='word_1_454' title='bbox 3104 4483 3159 4538; x_wconf 69' lang='lat' dir='ltr'><strong><em>G</em></strong></span> <span class='ocrx_word' id='word_1_455' title='bbox 3186 4483 3203 4554; x_wconf 88' lang='grc' dir='ltr'>Ι]</span> 
     </span>
     <span class='ocr_line' id='line_1_43' title="bbox 649 4551 3285 4626; baseline 0.003 -26"><span class='ocrx_word' id='word_1_456' title='bbox 649 4553 714 4600; x_wconf 88' lang='grc'>11</span> <span class='ocrx_word' id='word_1_457' title='bbox 751 4551 908 4604; x_wconf 78' lang='lat' dir='ltr'>schol.</span> <span class='ocrx_word' id='word_1_458' title='bbox 951 4551 1024 4604; x_wconf 84' lang='lat' dir='ltr'>ad</span> <span class='ocrx_word' id='word_1_459' title='bbox 1061 4569 1110 4604; x_wconf 84' lang='lat' dir='ltr'>v.</span> <span class='ocrx_word' id='word_1_460' title='bbox 1149 4559 1252 4606; x_wconf 88' lang='grc'>202</span> <span class='ocrx_word' id='word_1_461' title='bbox 1291 4569 1390 4610; x_wconf 81' lang='lat' dir='ltr'>om.</span> <span class='ocrx_word' id='word_1_462' title='bbox 1435 4555 1486 4608; x_wconf 80' lang='lat' dir='ltr'>G-</span> <span class='ocrx_word' id='word_1_463' title='bbox 1509 4555 1528 4622; x_wconf 76' lang='grc' dir='ltr'>ΙΙ</span> <span class='ocrx_word' id='word_1_464' title='bbox 1567 4553 1708 4606; x_wconf 72' lang='lat' dir='ltr'>aeris</span> <span class='ocrx_word' id='word_1_465' title='bbox 1743 4569 1844 4606; x_wconf 81' lang='lat' dir='ltr'>om.</span> <span class='ocrx_word' id='word_1_466' title='bbox 1881 4553 1948 4604; x_wconf 77' lang='lat' dir='ltr'><em>F</em></span> <span class='ocrx_word' id='word_1_467' title='bbox 1970 4555 1985 4623; x_wconf 78' lang='lat' dir='ltr'>ss</span> <span class='ocrx_word' id='word_1_468' title='bbox 2024 4559 2093 4606; x_wconf 86' lang='lat'>13</span> <span class='ocrx_word' id='word_1_469' title='bbox 2128 4557 2249 4610; x_wconf 82' lang='lat' dir='ltr'>alta</span> <span class='ocrx_word' id='word_1_470' title='bbox 2284 4557 2357 4610; x_wconf 83' lang='grc' dir='ltr'><em>Η</em></span> <span class='ocrx_word' id='word_1_471' title='bbox 2374 4559 2393 4626; x_wconf 75' lang='grc' dir='ltr'>ΙΙ</span> <span class='ocrx_word' id='word_1_472' title='bbox 2432 4555 2627 4610; x_wconf 85' lang='lat' dir='ltr'>aeueni</span> <span class='ocrx_word' id='word_1_473' title='bbox 2666 4553 2727 4610; x_wconf 85' lang='lat' dir='ltr'><em>F</em></span> <span class='ocrx_word' id='word_1_474' title='bbox 2748 4557 2765 4626; x_wconf 82' lang='grc' dir='ltr'>[Ι</span> <span class='ocrx_word' id='word_1_475' title='bbox 2814 4561 2877 4608; x_wconf 82' lang='grc'>14</span> <span class='ocrx_word' id='word_1_476' title='bbox 2904 4555 3203 4610; x_wconf 77' lang='lat' dir='ltr'>&#39;licentiam</span> <span class='ocrx_word' id='word_1_477' title='bbox 3282 4591 3285 4594; x_wconf 86' lang='lat'><em>-</em></span> 
     </span>
     <span class='ocr_line' id='line_1_44' title="bbox 645 4621 3203 4696; baseline 0.004 -26"><span class='ocrx_word' id='word_1_478' title='bbox 645 4635 812 4688; x_wconf 76' lang='lat' dir='ltr'>super</span> <span class='ocrx_word' id='word_1_479' title='bbox 849 4621 1032 4690; x_wconf 85' lang='lat' dir='ltr'>iungit</span> <span class='ocrx_word' id='word_1_480' title='bbox 1069 4623 1318 4678; x_wconf 79' lang='lat' dir='ltr'>ablativo</span> <span class='ocrx_word' id='word_1_481' title='bbox 1357 4625 1414 4678; x_wconf 92' lang='lat' dir='ltr'><em>D</em></span> <span class='ocrx_word' id='word_1_482' title='bbox 1463 4627 1480 4696; x_wconf 73' lang='lat' dir='ltr'>fl</span> <span class='ocrx_word' id='word_1_483' title='bbox 1535 4629 1602 4676; x_wconf 86' lang='lat'>15</span> <span class='ocrx_word' id='word_1_484' title='bbox 1639 4623 1904 4692; x_wconf 82' lang='lat' dir='ltr'>splendor</span> <span class='ocrx_word' id='word_1_485' title='bbox 1943 4623 2093 4694; x_wconf 87' lang='lat' dir='ltr'>auri]</span> <span class='ocrx_word' id='word_1_486' title='bbox 2132 4627 2269 4680; x_wconf 89' lang='lat' dir='ltr'>odor</span> <span class='ocrx_word' id='word_1_487' title='bbox 2308 4625 2429 4682; x_wconf 64' lang='lat' dir='ltr'>Fa</span> <span class='ocrx_word' id='word_1_488' title='bbox 2470 4629 2489 4696; x_wconf 75' lang='grc' dir='ltr'>ΙΙ</span> <span class='ocrx_word' id='word_1_489' title='bbox 2546 4633 2609 4680; x_wconf 82' lang='grc'>16</span> <span class='ocrx_word' id='word_1_490' title='bbox 2646 4625 2779 4680; x_wconf 82' lang='lat' dir='ltr'>hine</span> <span class='ocrx_word' id='word_1_491' title='bbox 2818 4625 2965 4682; x_wconf 82' lang='lat' dir='ltr'>enim</span> <span class='ocrx_word' id='word_1_492' title='bbox 3002 4643 3203 4682; x_wconf 81' lang='lat' dir='ltr'>aurum</span> 
     </span>
     <span class='ocr_line' id='line_1_45' title="bbox 641 4691 3199 4768; baseline 0.004 -26"><span class='ocrx_word' id='word_1_493' title='bbox 641 4691 754 4742; x_wconf 79' lang='lat' dir='ltr'>AS</span> <span class='ocrx_word' id='word_1_494' title='bbox 777 4691 796 4760; x_wconf 83' lang='grc' dir='ltr'>ΙΙ</span> <span class='ocrx_word' id='word_1_495' title='bbox 837 4691 892 4762; x_wconf 80' lang='lat' dir='ltr'>a]</span> <span class='ocrx_word' id='word_1_496' title='bbox 931 4693 1004 4748; x_wconf 83' lang='lat' dir='ltr'>ab</span> <span class='ocrx_word' id='word_1_497' title='bbox 1041 4693 1162 4748; x_wconf 66' lang='lat' dir='ltr'>Fa</span> <span class='ocrx_word' id='word_1_498' title='bbox 1201 4698 1218 4767; x_wconf 86' lang='grc' dir='ltr'>ΙΙ</span> <span class='ocrx_word' id='word_1_499' title='bbox 1259 4699 1344 4750; x_wconf 75' lang='lat'>17·</span> <span class='ocrx_word' id='word_1_500' title='bbox 1369 4697 1488 4766; x_wconf 83' lang='lat' dir='ltr'>qni]</span> <span class='ocrx_word' id='word_1_501' title='bbox 1531 4693 1664 4764; x_wconf 81' lang='lat' dir='ltr'>quid</span> <span class='ocrx_word' id='word_1_502' title='bbox 1707 4693 1826 4748; x_wconf 74' lang='lat' dir='ltr'>FG</span> <span class='ocrx_word' id='word_1_503' title='bbox 1851 4695 1868 4764; x_wconf 86' lang='grc' dir='ltr'>ΙΙ</span> <span class='ocrx_word' id='word_1_504' title='bbox 1903 4695 2139 4750; x_wconf 81' lang='lat' dir='ltr'>metalla.</span> <span class='ocrx_word' id='word_1_505' title='bbox 2176 4697 2231 4750; x_wconf 86' lang='lat' dir='ltr'><strong><em>A</em></strong></span> <span class='ocrx_word' id='word_1_506' title='bbox 2262 4699 2283 4768; x_wconf 81' lang='grc' dir='ltr'>ΙΙ</span> <span class='ocrx_word' id='word_1_507' title='bbox 2322 4699 2503 4754; x_wconf 82' lang='lat' dir='ltr'>aurati</span> <span class='ocrx_word' id='word_1_508' title='bbox 2542 4697 2853 4766; x_wconf 70' lang='lat' dir='ltr'>Stephanus</span> <span class='ocrx_word' id='word_1_509' title='bbox 2888 4703 2941 4754; x_wconf 75' lang='lat' dir='ltr'>et</span> <span class='ocrx_word' id='word_1_510' title='bbox 2972 4697 3199 4754; x_wconf 73' lang='lat' dir='ltr'>Dauid.</span> 
     </span>
     <span class='ocr_line' id='line_1_46' title="bbox 643 4761 3203 4840; baseline 0.004 -27"><span class='ocrx_word' id='word_1_511' title='bbox 643 4761 720 4826; x_wconf 77' lang='lat' dir='ltr'>cf.</span> <span class='ocrx_word' id='word_1_512' title='bbox 759 4779 896 4828; x_wconf 76' lang='lat' dir='ltr'>quae</span> <span class='ocrx_word' id='word_1_513' title='bbox 931 4763 1298 4820; x_wconf 73' lang='lat' dir='ltr'>Burmannus</span> <span class='ocrx_word' id='word_1_514' title='bbox 1333 4769 1382 4822; x_wconf 78' lang='lat' dir='ltr'>h.</span> <span class='ocrx_word' id='word_1_515' title='bbox 1423 4769 1458 4822; x_wconf 82' lang='lat' dir='ltr'>Z.</span> <span class='ocrx_word' id='word_1_516' title='bbox 1497 4767 1782 4822; x_wconf 67' lang='lat' dir='ltr'>adnotavit</span> <span class='ocrx_word' id='word_1_517' title='bbox 1811 4767 1828 4836; x_wconf 80' lang='grc' dir='ltr'>Η</span> <span class='ocrx_word' id='word_1_518' title='bbox 1869 4765 2067 4822; x_wconf 81' lang='lat' dir='ltr'>fauore</span> <span class='ocrx_word' id='word_1_519' title='bbox 2104 4767 2225 4824; x_wconf 68' lang='grc' dir='ltr'>ΕΘ</span> <span class='ocrx_word' id='word_1_520' title='bbox 2258 4771 2275 4840; x_wconf 90' lang='grc' dir='ltr'>ΙΙ</span> <span class='ocrx_word' id='word_1_521' title='bbox 2324 4767 2649 4838; x_wconf 79' lang='lat' dir='ltr'>splendidus</span> <span class='ocrx_word' id='word_1_522' title='bbox 2688 4769 2753 4822; x_wconf 87' lang='lat' dir='ltr'><strong><em>H</em></strong></span> <span class='ocrx_word' id='word_1_523' title='bbox 2782 4771 2803 4840; x_wconf 76' lang='grc' dir='ltr'>ΙΙ</span> <span class='ocrx_word' id='word_1_524' title='bbox 2850 4773 2915 4824; x_wconf 87' lang='grc'>18</span> <span class='ocrx_word' id='word_1_525' title='bbox 2954 4769 3203 4826; x_wconf 79' lang='lat' dir='ltr'>reddidit</span> 
     </span>
     <span class='ocr_line' id='line_1_47' title="bbox 645 4821 3197 4912; baseline 0.004 -27"><span class='ocrx_word' id='word_1_526' title='bbox 645 4829 860 4886; x_wconf 71' lang='lat' dir='ltr'>FGM</span> <span class='ocrx_word' id='word_1_527' title='bbox 881 4835 900 4904; x_wconf 85' lang='grc' dir='ltr'>Ι]</span> <span class='ocrx_word' id='word_1_528' title='bbox 933 4841 998 4888; x_wconf 85' lang='grc'>19</span> <span class='ocrx_word' id='word_1_529' title='bbox 1033 4821 1198 4894; x_wconf 64' lang='grc' dir='ltr'><strong>θοὴ-οἶ.</strong></span> <span class='ocrx_word' id='word_1_530' title='bbox 1235 4841 1312 4892; x_wconf 77' lang='lat' dir='ltr'>ad</span> <span class='ocrx_word' id='word_1_531' title='bbox 1345 4855 1390 4892; x_wconf 79' lang='lat' dir='ltr'>v.</span> <span class='ocrx_word' id='word_1_532' title='bbox 1423 4843 1526 4892; x_wconf 80' lang='lat'>205</span> <span class='ocrx_word' id='word_1_533' title='bbox 1567 4853 1666 4892; x_wconf 80' lang='lat' dir='ltr'>om.</span> <span class='ocrx_word' id='word_1_534' title='bbox 1699 4835 1748 4888; x_wconf 72' lang='lat' dir='ltr'><strong><em>G</em></strong></span> <span class='ocrx_word' id='word_1_535' title='bbox 1775 4837 1794 4904; x_wconf 76' lang='lat' dir='ltr'>n</span> <span class='ocrx_word' id='word_1_536' title='bbox 1823 4855 1999 4892; x_wconf 79' lang='lat' dir='ltr'>v1scvs</span> <span class='ocrx_word' id='word_1_537' title='bbox 2028 4837 2085 4890; x_wconf 91' lang='lat' dir='ltr'><strong><em>A</em></strong></span> <span class='ocrx_word' id='word_1_538' title='bbox 2110 4841 2129 4908; x_wconf 88' lang='grc' dir='ltr'>ΙΙ</span> <span class='ocrx_word' id='word_1_539' title='bbox 2156 4841 2317 4894; x_wconf 86' lang='lat' dir='ltr'>addit</span> <span class='ocrx_word' id='word_1_540' title='bbox 2342 4841 2409 4892; x_wconf 86' lang='grc' dir='ltr'>Η</span> <span class='ocrx_word' id='word_1_541' title='bbox 2432 4843 2449 4912; x_wconf 86' lang='grc' dir='ltr'>ΙΙ</span> <span class='ocrx_word' id='word_1_542' title='bbox 2476 4847 2545 4894; x_wconf 86' lang='grc'>20</span> <span class='ocrx_word' id='word_1_543' title='bbox 2576 4843 2755 4894; x_wconf 84' lang='lat' dir='ltr'>matur</span> <span class='ocrx_word' id='word_1_544' title='bbox 2792 4859 2883 4896; x_wconf 85' lang='lat' dir='ltr'>am</span> <span class='ocrx_word' id='word_1_545' title='bbox 2916 4843 2969 4896; x_wconf 87' lang='lat' dir='ltr'><strong><em>A</em></strong></span> <span class='ocrx_word' id='word_1_546' title='bbox 3014 4843 3197 4896; x_wconf 86' lang='lat' dir='ltr'>matu·</span> 
     </span>
     <span class='ocr_line' id='line_1_48' title="bbox 639 4905 3199 4982; baseline 0.005 -30"><span class='ocrx_word' id='word_1_547' title='bbox 639 4919 762 4954; x_wconf 83' lang='lat' dir='ltr'>ram</span> <span class='ocrx_word' id='word_1_548' title='bbox 801 4905 870 4956; x_wconf 87' lang='lat' dir='ltr'><strong><em>H</em></strong></span> <span class='ocrx_word' id='word_1_549' title='bbox 913 4907 1228 4962; x_wconf 77' lang='lat' dir='ltr'>marcidum</span> <span class='ocrx_word' id='word_1_550' title='bbox 1275 4907 1578 4964; x_wconf 73' lang='lat' dir='ltr'>Vossianus</span> <span class='ocrx_word' id='word_1_551' title='bbox 1609 4907 1932 4960; x_wconf 65' lang='lat' dir='ltr'>Burmanni</span> <span class='ocrx_word' id='word_1_552' title='bbox 1974 4909 1991 4976; x_wconf 91' lang='grc' dir='ltr'>ΙΙ</span> <span class='ocrx_word' id='word_1_553' title='bbox 2048 4911 2107 4962; x_wconf 90' lang='lat' dir='ltr'>et</span> <span class='ocrx_word' id='word_1_554' title='bbox 2140 4925 2239 4964; x_wconf 83' lang='lat' dir='ltr'>om.</span> <span class='ocrx_word' id='word_1_555' title='bbox 2280 4911 2351 4964; x_wconf 88' lang='lat' dir='ltr'><em>H</em></span> <span class='ocrx_word' id='word_1_556' title='bbox 2390 4911 2407 4978; x_wconf 82' lang='grc' dir='ltr'>ΙΙ</span> <span class='ocrx_word' id='word_1_557' title='bbox 2462 4909 2741 4982; x_wconf 77' lang='lat' dir='ltr'>imitatur]</span> <span class='ocrx_word' id='word_1_558' title='bbox 2796 4913 3045 4968; x_wconf 82' lang='lat' dir='ltr'>mutatur</span> <span class='ocrx_word' id='word_1_559' title='bbox 3080 4911 3151 4966; x_wconf 82' lang='lat' dir='ltr'><strong><em>H</em></strong></span> <span class='ocrx_word' id='word_1_560' title='bbox 3194 4910 3199 4981; x_wconf 95' lang='grc' dir='ltr'>Ι</span> 
     </span>
     <span class='ocr_line' id='line_1_49' title="bbox 643 4975 3197 5058; baseline 0.003 -28"><span class='ocrx_word' id='word_1_561' title='bbox 643 4975 926 5052; x_wconf 45' lang='grc' dir='ltr'><strong>21οᾳ11011]</strong></span> <span class='ocrx_word' id='word_1_562' title='bbox 981 4979 1038 5030; x_wconf 84' lang='lat' dir='ltr'>et</span> <span class='ocrx_word' id='word_1_563' title='bbox 1077 4981 1228 5046; x_wconf 90' lang='lat' dir='ltr'>quod</span> <span class='ocrx_word' id='word_1_564' title='bbox 1261 4979 1328 5034; x_wconf 80' lang='lat' dir='ltr'><em>F</em></span> <span class='ocrx_word' id='word_1_565' title='bbox 1361 4983 1378 5052; x_wconf 84' lang='grc' dir='ltr'>ΙΙ</span> <span class='ocrx_word' id='word_1_566' title='bbox 1423 4981 1488 5034; x_wconf 89' lang='lat' dir='ltr'>ut</span> <span class='ocrx_word' id='word_1_567' title='bbox 1521 4979 1606 5034; x_wconf 81' lang='lat' dir='ltr'>ait</span> <span class='ocrx_word' id='word_1_568' title='bbox 1635 4993 1740 5030; x_wconf 83' lang='lat' dir='ltr'>om.</span> <span class='ocrx_word' id='word_1_569' title='bbox 1777 4975 1842 5030; x_wconf 80' lang='lat' dir='ltr'><em>F</em></span> <span class='ocrx_word' id='word_1_570' title='bbox 1877 4979 1896 5046; x_wconf 81' lang='grc' dir='ltr'>ΙΙ</span> <span class='ocrx_word' id='word_1_571' title='bbox 1943 4979 2151 5048; x_wconf 77' lang='lat' dir='ltr'>plinius</span> <span class='ocrx_word' id='word_1_572' title='bbox 2190 4997 2255 5036; x_wconf 77' lang='lat' dir='ltr'>ex</span> <span class='ocrx_word' id='word_1_573' title='bbox 2288 4979 2511 5050; x_wconf 78' lang='lat' dir='ltr'>planius</span> <span class='ocrx_word' id='word_1_574' title='bbox 2550 4981 2605 5036; x_wconf 81' lang='lat' dir='ltr'><em>R</em></span> <span class='ocrx_word' id='word_1_575' title='bbox 2648 4983 2669 5054; x_wconf 92' lang='grc' dir='ltr'>ΙΙ</span> <span class='ocrx_word' id='word_1_576' title='bbox 2712 4989 2779 5038; x_wconf 84' lang='grc'>22</span> <span class='ocrx_word' id='word_1_577' title='bbox 2820 4985 2951 5058; x_wconf 81' lang='lat' dir='ltr'>sibi]</span> <span class='ocrx_word' id='word_1_578' title='bbox 2986 4983 3053 5038; x_wconf 83' lang='lat' dir='ltr'>ui</span> <span class='ocrx_word' id='word_1_579' title='bbox 3086 4981 3149 5038; x_wconf 80' lang='lat' dir='ltr'>F</span> <span class='ocrx_word' id='word_1_580' title='bbox 3190 4989 3197 5052; x_wconf 69' lang='lat' dir='ltr'>j</span> 
     </span>
     <span class='ocr_line' id='line_1_50' title="bbox 643 5047 2343 5121; baseline 0.008 -27"><span class='ocrx_word' id='word_1_581' title='bbox 643 5055 762 5094; x_wconf 77' lang='lat' dir='ltr'>avis</span> <span class='ocrx_word' id='word_1_582' title='bbox 799 5061 896 5100; x_wconf 85' lang='lat' dir='ltr'>om.</span> <span class='ocrx_word' id='word_1_583' title='bbox 937 5047 1050 5102; x_wconf 74' lang='lat' dir='ltr'>AS</span> <span class='ocrx_word' id='word_1_584' title='bbox 1087 5051 1104 5120; x_wconf 92' lang='grc' dir='ltr'>ΙΙ</span> <span class='ocrx_word' id='word_1_585' title='bbox 1143 5057 1214 5110; x_wconf 82' lang='grc'><strong>23</strong></span> <span class='ocrx_word' id='word_1_586' title='bbox 1249 5052 1424 5121; x_wconf 64' lang='lat' dir='ltr'>creat]</span> <span class='ocrx_word' id='word_1_587' title='bbox 1469 5051 1626 5106; x_wconf 77' lang='lat' dir='ltr'>cacat</span> <span class='ocrx_word' id='word_1_588' title='bbox 1661 5049 2043 5102; x_wconf 73' lang='lat' dir='ltr'>Burmannus,</span> <span class='ocrx_word' id='word_1_589' title='bbox 2090 5051 2159 5118; x_wconf 75' lang='lat' dir='ltr'>cf.</span> <span class='ocrx_word' id='word_1_590' title='bbox 2200 5051 2343 5108; x_wconf 69' lang='lat' dir='ltr'>Isia.</span> 
     </span>
    </p>
   </div>
  </div>
 </body>
</html>
