3900 5784
1317 609 1538 666 COMM.
1581 609 1658 662 IN
1697 607 1910 662 VERG.
1954 605 2115 664 AEN.
2156 609 2235 664 VI
2272 613 2495 662 63—72.
3112 609 3195 672 17

639 777 734 840 cis
789 779 856 840 et
909 777 990 840 ab
1047 775 1208 860 ipsis
1261 777 1444 840 mota
1495 773 1922 840 infundebant
1947 821 1955 828 .
1976 775 2533 840 vaticinationem:
2600 773 2771 858 quod
2834 771 2961 836 fuit
3018 773 3191 858 apud

635 881 1002 966 Aegyptios
1051 885 1118 946 et
1165 879 1752 968 Carthaginienses,
1990 943 1999 954 ,
2052 863 2061 872 ’

819 989 916 1054 69.
993 1007 1138 1054 TVM
1183 1005 1464 1056 PHOEBO
1507 1007 1598 1054 ET
1643 1007 1930 1056 TRIVIAE
1984 993 2063 1056 ut
2114 989 2283 1054 solet
2344 989 2571 1056 miscet
2614 989 2979 1056 historiam:
3040 1011 3191 1052 nam

633 1097 756 1162 hoc
801 1097 1118 1182 templum
1165 1099 1232 1162 in
1265 1095 1518 1164 Palatio
1573 1097 1650 1160 ab
1691 1097 1989 1182 Augusto
2038 1097 2281 1162 factum
2320 1101 2437 1162 est.
2510 1099 2619 1162 sed
2662 1099 2811 1182 quia
2844 1095 3187 1182 Augustus

631 1203 932 1268 cohaeret
967 1203 1160 1284 Iulio,
1209 1205 1318 1290 qui
1363 1205 1446 1268 ab
1485 1203 1708 1268 Aenea
1749 1203 1928 1268 ducit
1972 1203 2321 1286 originem,
2366 1197 2505 1268 vult
2542 1203 2915 1288 Augustum
2958 1225 3186 1288 paren·
3222 1213 3255 1260 5

627 1315 768 1374 tum
815 1315 970 1374 vota
1015 1311 1306 1376 solvisse.
1827 1387 1830 1390 ⁴

809 1417 908 1482 70.
983 1435 1378 1494 FESTOSQVE
1409 1433 1572 1482 DIES
1607 1433 1704 1478 DE
1741 1431 2015 1488 NOMINE
2056 1431 2319 1482 ΡΗΟΕΒΙ
2352 1415 2539 1480 ludos
2570 1413 2981 1500 Apollinares
3022 1419 3183 1500 dicit,

627 1525 738 1608 qui
787 1525 1134 1590 secundum
1185 1525 1494 1608 quosdam
1543 1521 1716 1586 bello
1761 1521 2005 1586 Punico
2056 1523 2335 1588 secundo
2380 1523 2669 1588 instituti
2726 1527 2903 1608 sunt,
2962 1545 3185 1586 secun-

629 1631 780 1696 dum
831 1631 990 1696 alios
1027 1613 1320 1716 temp0re
1357 1629 1626 1712 Syllano
1671 1653 1744 1692 ex
1785 1653 2093 1714 responso
2130 1627 2523 1694 Marciorum
2568 1631 2859 1714 fratrum,
2910 1653 3181 1714 quorum

621 1737 960 1820 extabant,
1005 1741 1082 1800 ut
1127 1737 1470 1820 Sibyllina,
1513 1757 1846 1818 responsa.
3218 1747 3289 1794 10

803 1845 900 1908 71.
977 1863 1068 1908 TE
1117 1861 1400 1922 qvoqvn
1459 1861 1704 1908 MAGNA
1755 1861 2049 1908 MANENT
2092 1859 2387 1908 NOSTRIS
2436 1859 2875 1908 PENETRALIA
2924 1859 3179 1908 nnems

617 1953 684 2016 id
741 1955 840 2016 est
897 1953 1128 2016 coleris
1185 1955 1254 2016 ut
1311 1973 1570 2016 numen.
1651 1949 1981 2026 ‘manent'
2032 1953 2247 2014 autem
2296 1953 2693 2034 exspectant,
2752 1947 3177 2034 ‘penetralia'

617 2059 864 2122 secreta
909 2057 1320 2142 templorum.

797 2165 894 2232 72.
973 2181 1150 2228 TVAS
1183 2173 1446 2230 SOR'TES
1477 2163 1798 2248 Sibyllina
1833 2187 2171 2248 responsa,
2218 2187 2413 2248 quae,
2456 2169 2531 2226 ut
2568 2187 2763 2248 supra
2804 2163 2973 2248 <36>
3014 2163 3173 2228 dixi-

611 2295 784 2356 mus,
831 2271 1144 2334 incertum
1197 2275 1294 2336 est
1337 2273 1514 2338 cuius
1559 2271 1848 2356 Sibyllae
1897 2271 2165 2356 fuerint,
2214 2295 2605 2356 quamquam
2648 2269 2977 2334 Cumanae
3016 2269 3171 2334 Ver·
3208 2281 3277 2328 15

609 2379 808 2464 gilius
871 2379 1070 2464 dicat,
1133 2379 1344 2444 Varro
1413 2379 1834 2462 Erythraeae.
1939 2379 2051 2442 sed
2114 2383 2371 2442 constat
2434 2383 2747 2460 regnante
2812 2375 3169 2460 Tarquinio

607 2487 930 2568 quandam
975 2487 1336 2572 mulierem,
1383 2487 1646 2550 nomine
1695 2485 2139 2562 Amaltheam,
2196 2487 2509 2550 obtulisse
2560 2483 2617 2548 ei
2664 2505 2899 2550 novem
2944 2485 3167 2568 libros,

603 2593 676 2656 in
737 2593 970 2676 quibus
1029 2597 1216 2656 erant
1269 2593 1410 2658 fata
1463 2595 1530 2656 et
1581 2593 1866 2658 remedia
1921 2591 2241 2674 Romana,
2310 2595 2373 2654 et
2436 2613 2557 2672 pro
2620 2589 2719 2654 his
2788 2591 3165 2674 poposcisse

605 2697 784 2764 OOC.
831 2697 1228 2784 philippeos,
1297 2699 1406 2782 qui
1469 2687 1650 2762 aurei
1711 2703 1866 2760 tunc
1929 2697 2197 2780 pretiosi
2270 2699 2471 2760 erant.
2566 2719 2731 2782 quae
2790 2699 3163 2780 contempta

603 2807 732 2868 alia
779 2805 878 2868 die
927 2803 1136 2868 tribus
1185 2805 1462 2868 incensis
1501 2827 1758 2868 reversa
1799 2809 1898 2868 est
1935 2807 2001 2868 et
2038 2803 2417 2868 tantundem
2452 2805 2781 2890 poposcit,
2824 2805 2983 2868 item
3032 2809 3157 2868 ter·
3192 2815 3267 2864 20

743 3039 810 3088 12
843 3033 1158 3102 penetralia
1193 3009 1410 3090 secreta
1443 3033 1808 3104 templorum]
1845 3033 1918 3086 cf.
1956 3033 2083 3086 Isid.
2126 3031 2263 3100 orig.
2302 3031 2407 3084 XV
2440 3037 2491 3100 4,
2532 3039 2565 3086 4
2606 3035 2629 3104 ΙΙ
2686 3039 2753 3090 16
2790 3035 3015 3088 constat
3050 3077 3061 3090 .
3094 3075 3107 3090 .
3142 3075 3153 3090 .

603 3105 990 3176 servabantur]
1035 3123 1206 3162 exscr.
1241 3105 1530 3176 mythogr.
1563 3105 1766 3158 118ss
1807 3105 1872 3158 cf.
1915 3103 2055 3160 Gell.
2092 3103 2123 3156 Ι
2162 3109 2225 3157 19

737 3309 762 3356 1
807 3305 864 3356 et
889 3319 996 3384 pm.
1039 3303 1106 3356 H
1139 3303 1158 3372 ΙΙ
1197 3273 1634 3354 infundebantur
1667 3297 1782 3352 AS
1813 3301 1830 3368 ΙΙ
1879 3305 1910 3352 2
1947 3297 2441 3366 charthaginenses
2480 3299 2539 3354 A
2592 3297 3051 3370 carthaginenses
3094 3301 3157 3354 F

883 3385 904 3414 2.

593 3425 1048 3496 carthaginenses
1089 3427 1134 3480 0
1159 3428 1234 3495 113
1275 3447 1406 3480 trvno
1437 3423 1482 3480 G
1503 3424 1526 3492 ΙΙ
1551 3425 1616 3476 ut
1653 3423 1800 3478 solet
1833 3439 1932 3476 om.
1962 3423 2035 3476 H
2052 3425 2071 3492 ΙΙ
2096 3423 2285 3476 miscit
2320 3423 2439 3478 FG
2496 3423 2695 3480 miscet
2732 3443 2797 3480 ex
2834 3427 3025 3480 miscit
3052 3425 3101 3480 0
3134 3427 3151 3498 ΙΙ

593 3503 624 3550 5
667 3499 930 3552 cohaeret
965 3537 976 3548 .
1011 3539 1024 3550 .
1059 3537 1068 3552 .
1107 3501 1424 3564 Augustum
1461 3513 1564 3550 om.
1599 3495 1656 3548 R
1691 3497 1710 3564 ΙΙ
1755 3495 1890 3548 iulio
1927 3495 2227 3548 FGHas:
2266 3495 2381 3548 iulo
2420 3495 2583 3550 ASG
2596 3497 2669 3550 M
2702 3501 2719 3566 ΙΙ
2766 3499 3007 3552 ducebat
3042 3497 3151 3552 ori-

595 3567 786 3636 ginem
823 3567 1000 3622 FGO
1053 3569 1324 3636 originem
1363 3567 1522 3622 ducit
1557 3567 1632 3620 M
1651 3571 1670 3636 ΙΙ
1695 3565 1842 3634 vult}
1883 3567 2011 3620 uult
2046 3583 2177 3636 ergo
2214 3565 2333 3618 FG
2358 3567 2381 3636 ΙΙ
2408 3571 2633 3634 patrum
2674 3569 2741 3622 M
2770 3571 2847 3638 116
2890 3569 3149 3640 solvisse]

597 3639 646 3706 J·
687 3641 756 3694 ab
795 3655 968 3696 aenea
1003 3641 1140 3694 uota
1175 3657 1278 3708 per
1313 3657 1368 3694 se
1417 3637 1650 3692 reddere
1695 3637 1860 3706 quasi
1899 3641 1957 3692 et
1992 3637 2287 3708 dignitatis
2328 3639 2593 3690 heredem
2644 3637 2871 3708 propter
2918 3641 3153 3708 stirpem

593 3711 740 3780 unde
781 3711 1072 3764 descendit
1105 3711 1232 3766 add.
1275 3711 1332 3764 D
1375 3713 1398 3780 ΙΙ
1451 3717 1476 3762 7
1521 3711 1686 3766 εσήοῑ.’
1717 3711 1794 3762 ad
1827 3725 1876 3762 v.
1919 3715 1985 3762 70
2024 3727 2125 3762 om.
2164 3709 2213 3762 G
2260 3711 2281 3778 ΙΙ
2324 3707 2465 3762 dicit
2514 3711 2637 3764 hab.
2680 3711 2725 3764 O
2766 3715 2785 3780 ΙΙ
2836 3717 2869 3764 8
2908 3711 3149 3780 Punico]

593 3781 814 3834 honoco
849 3783 922 3834 H
947 3785 966 3850 ss
1005 3783 1248 3836 secundo
1287 3799 1386 3836 om.
1425 3781 1486 3834 H
1511 3783 1534 3846 11
1569 3785 1596 3832 9
1639 3779 1858 3848 syllano
1897 3781 2031 3834 libri
2056 3785 2279 3848 praeter
2314 3799 2365 3846 a,
2404 3783 2501 3846 qui
2540 3781 2813 3850 sybillano
2852 3789 2903 3834 et
2938 3783 3019 3848 H,
3052 3785 3153 3852 qui

593 3851 874 3918 sybillansi
933 3853 1156 3906 exhibet.
1227 3853 1298 3918 cf.
1339 3853 1590 3906 Macrob.
1643 3851 1760 3904 Sat.
1799 3851 1824 3900 I
1863 3853 1946 3916 17,
1984 3855 2053 3904 27
2116 3851 2131 3876 ‘
2150 3851 2281 3904 bello
2332 3853 2477 3904 enim
2526 3853 2743 3908 Punico
2798 3855 2857 3906 hi
2914 3855 3037 3906 ludi
3082 3871 3153 3906 ecc

595 3921 754 3974 libris
799 3921 1074 3990 sibyllinis
1109 3923 1356 3990 primum
1407 3927 1538 3974 sunt
1579 3921 1824 3972 instituti
1867 3921 2129 3972 suadente
2178 3921 2425 3972 Cornelio
2474 3921 2629 3986 Rufo
2678 3923 2999 3990 decemviro,
3054 3925 3153 3990 qui

585 3997 880 4060 propterea
909 3991 1124 4062 Sibylla
1153 3993 1566 4060 coynominatus
1597 3995 1678 4044 est
1703 3995 1756 4042 et
1781 3997 1965 4056 postea
2004 3995 2263 4058 corrupto
2300 3993 2515 4044 nomine
2542 3993 2765 4058 primus
2794 3995 2965 4060 coepit
2994 3993 3155 4062 Sylla

591 4063 866 4116 vocitari’.
899 4063 920 4130 ΙΙ
945 4063 1282 4116 marciorum
1309 4061 1498 4116 ASOz
1539 4077 1886 4114 marceorum
1915 4059 1981 4114 H
2032 4059 2361 4114 martiorum
2398 4061 2527 4114 RF
2536 4063 2621 4116 M.
2680 4063 2747 4128 cf.
2792 4063 2901 4116 Cic.
2940 4065 3007 4116 de
3040 4065 3151 4116 div.

593 4131 618 4184 I
657 4139 744 4200 40,
785 4137 850 4188 89
887 4135 908 4202 ΙΙ
943 4133 1236 4202 fratrumq.
1277 4137 1330 4188 A
1365 4135 1442 4202 (q.
1479 4133 1578 4188 del.
1617 4135 1676 4198 a)
1711 4133 1732 4200 ΙΙ
1769 4131 2029 4202 fratrum]
2068 4133 2273 4200 quibus
2308 4131 2513 4202 sibylla
2548 4135 2989 4202 prophetauerat
3026 4135 3151 4188 add.

595 4203 656 4256 D
687 4205 714 4272 ἸΙ
763 4211 830 4258 10
863 4207 932 4260 ut
965 4221 1068 4260 om.
1107 4205 1294 4260 ΑΒΗ
1325 4209 1344 4276 ΙΙ
1391 4211 1454 4258 11
1493 4221 1712 4258 mosi-ms
1749 4221 2075 4258 prun-rumix
2110 4223 2303 4258 nnems
2338 4221 2439 4258 om.
2476 4203 2677 4258 ΑΘΗ.
2716 4197 2817 4258 ’ex
2854 4205 3157 4274 Reqi‘nensi

593 4279 644 4330 et
681 4275 1032 4332 moriacensi
1067 4293 1198 4346 quos
1233 4293 1354 4332 cum
1393 4277 1738 4344 Gottinye-nsi
1779 4277 2075 4344 exemplari
2110 4277 2321 4330 contuli
2356 4275 2501 4330 ‘nihil
2538 4277 2771 4332 enotavi.
2826 4275 3153 4346 Sariqallen-

591 4349 672 4402 sis
707 4353 756 4402 et
795 4347 1092 4404 Ber-nensis
1131 4355 1230 4402 167
1281 4351 1348 4404 ab
1387 4349 1620 4418 Haqeno
1669 4349 1874 4404 conlati
1923 4365 2043 4402 eum
2076 4347 2337 4402 Danielis
2386 4349 2687 4418 exemplari·
2728 4349 2937 4402 nostris
2986 4365 3153 4416 pene·
3214 4399 3229 4408 x

593 4417 766 4474 tralia
801 4419 986 4486 regnis
1023 4419 1304 4476 exhibente
1337 4421 1694 4476 consentiunt.
1731 4437 1788 4476 n.
1825 4437 1880 4488 p.
1919 4437 1963 4472 r.
2008 4419 2077 4470 M
2116 4425 2137 4488 ΙΙ
2194 4425 2261 4470 12
2302 4419 2525 4490 coleris]
2566 4419 2771 4474 coloris
2808 4421 2861 4470 A
2902 4423 3059 4488 (corr.
3094 4423 3155 4482 a)

597 4491 812 4560 solerps
849 4489 912 4542 F
959 4491 1134 4546 solers
1175 4491 1224 4544 Θ
1281 4491 1472 4546 soleris
1505 4491 1554 4544 Ο
1575 4491 1592 4558 ΙΙ
1619 4489 1971 4560 exspectant]
2012 4491 2071 4542 in
2104 4491 2357 4544 futurum
2398 4491 2524 4545 add.
2548 4491 2609 4544 D
2638 4493 2655 4556 ΙΙ
2686 4497 2749 4542 13
2788 4489 3151 4560 templorum]

597 4561 828 4616 deorum
863 4561 936 4614 H
961 4563 978 4630 ΙΙ
1029 4569 1096 4616 14
1131 4563 1292 4618 schol.
1331 4563 1408 4616 ad
1441 4581 1488 4630 v„
1533 4567 1596 4614 72
1635 4577 1734 4614 om.
1777 4563 1826 4614 G
1859 4563 1882 4628 11
1923 4561 2143 4632 scaras]
2182 4563 2359 4614 sortes
2398 4561 2537 4614 dicit
2572 4561 2699 4614 add.
2740 4559 2795 4614 R
2826 4561 2847 4626 ΙΙ
2886 4577 3031 4628 quae
3064 4563 3153 4630 ut]

597 4633 668 4688 (10
705 4633 906 4702 quibus
943 4631 1060 4686 FO
1091 4633 1112 4700 ΙΙ
1161 4639 1224 4686 15
1263 4637 1476 4688 certum
1515 4633 1570 4686 R
1615 4633 1632 4700 ΙΙ
1681 4631 1908 4686 fuerunt
1943 4633 2009 4686 Η
2046 4635 2065 4700 ΙΙ
2110 4649 2409 4686 cumanam
2446 4631 2507 4684 F
2546 4633 2565 4700 ΙΙ
2614 4637 2679 4684 16
2716 4631 3011 4698 erythreae
3052 4631 3161 4684 AS

597 4703 910 4758 erithraeae
959 4703 1014 4756 R
1081 4705 1320 4758 erithere
1365 4705 1436 4758 Η
1491 4709 1780 4770 aerytreae
1819 4703 1896 4756 M
1954 4705 2275 4772 erythream
2320 4719 2439 4758 esse
2476 4701 2539 4754 F
2596 4701 2705 4754 erit
2750 4701 2857 4754 hea
2906 4719 3023 4756 esse
3062 4701 3107 4754 0
3140 4700 3159 4772 ΙΙ

597 4775 696 4830 sed.
731 4773 976 4900 constat}
1027 4777 1246 4828 constat
1293 4775 1480 4830 autem
1517 4773 1632 4828 FO
1673 4775 1692 4842 ί]
1735 4775 2009 4842 regnante
2048 4773 2377 4842 Tarquinio]
2438 4771 2667 4826 seruilio
2702 4773 2845 4824 tullo
2884 4775 3157 4840 regnante

595 4845 880 4916 tarquinio
1029 4845 1210 4900 seruio
1245 4845 1390 4902 tullo
1427 4845 1696 4914 regnante
1731 4845 2021 4912 tarquinio
2060 4845 2133 4898 M
2158 4847 2179 4914 ΙΙ
2220 4851 2287 4900 17
2324 4843 2551 4898 nomine
2586 4843 2971 4914 Amaltheam]
3014 4859 3159 4914 quae

597 4935 658 4970 se
695 4917 962 4972 malteam
999 4917 1212 4970 diceret
1239 4917 1356 4970 FO
1377 4921 1398 4986 ΙΙ
1427 4913 1826 4970 amathemiam
1851 4917 1922 4968 H
1941 4917 1961 4984 ΙΙ
1988 4923 2059 4970 18
2092 4917 2155 4968 in
2182 4917 2385 4982 quibus
2502 4957 2515 4968 .
2546 4915 2821 4986 Romana]
2862 4915 2927 4968 iu
2954 4917 3159 4980 quibus

597 4987 814 5044 diceret
843 4987 966 5042 fata
999 4987 1250 5042 remedia
1287 5003 1520 5042 romana
1557 4983 1694 5052 FO,
1737 4987 1854 5038 nisi
1891 4989 2037 5054 quod
2072 4989 2131 5040 et
2166 5001 2401 5040 romana
2438 4983 2499 5038 F
2536 4987 2555 5054 ΙΙ
2602 4991 2669 5040 19
2704 4985 2877 5056 quae]
2918 4983 3015 5054 qui
3050 4985 3103 5040 A
3142 4983 3163 5056 ΙΙ

597 5063 668 5112 20
705 5075 930 5112 reuersa
965 5061 1054 5112 est
1089 5101 1100 5114 .
1135 5099 1146 5112 .
1181 5101 1194 5112 .
1227 5057 1410 5112 tribus
1449 5055 1686 5112 incensis
1721 5071 1824 5110 om.
1861 5055 2119 5110 ARSH
2136 5059 2157 5126 [Ι
2192 5055 2461 5128 incensis]
2502 5073 2629 5112 cum
2668 5073 2763 5112 sex
2798 5059 2959 5124 vulyo
2998 5055 3159 5110 addi-

705 5155 854 5196 Servii
883 5169 1044 5196 comm.
1071 5157 1174 5196 Vol„
1201 5143 1272 5196 ΙΙ(
1293 5157 1424 5196 Fasc.
1451 5157 1488 5194 Ι.
2696 5151 2725 5198 2
