3900 5784
569 1223 572 1226 ’
639 1227 670 1278 5

605 1765 670 1814 10

603 2295 666 2344 15

599 2829 664 2878 20

595 3363 658 3410 25

601 3899 666 3944 30

713 623 844 690 292
1869 627 2113 686 3111111711

709 787 930 874 gladio
983 809 1046 852 se
1093 787 1438 854 interemit.
1515 811 1702 872 quem
1741 777 1985 854 Brutus
2020 791 2101 854 de
2138 791 2273 854 eius
2312 815 2581 874 corpore
2628 795 2991 856 extractum
3032 793 3263 856 tenens

709 895 1030 980 processit
1085 895 1168 958 ad
1221 897 1558 980 populum,
1619 901 1682 962 et
1739 899 1944 962 multa
2004 889 2417 980 conquestus⁴
2454 899 2527 962 de
2578 899 2911 980 Tarquinii
2962 899 3263 980 superbia

709 1005 778 1066 et
819 1001 1108 1066 filiorum
1155 1001 1292 1066 eius
1339 1003 1768 1086 turpitudine,
1831 1001 1967 1088 egit
2012 1023 2095 1064 ne
2138 1001 2211 1066 in
2256 1003 2483 1066 urbem
2526 1001 2993 1086 reciperentur,
3050 1007 3259 1068 aucto-

707 1109 904 1174 ritate
965 1131 1094 1192 qua
1151 1109 1504 1192 plurimum
1563 1111 1852 1192 poterat:
1925 1129 2081 1172 nam
2152 1111 2227 1172 ut
2290 1107 2599 1192 diximus,
2660 1109 2899 1174 Brutus
2966 1109 3261 1174 tribunus

709 1215 1000 1300 equitum
1051 1213 1282 1280 fuerat.
1377 1217 1488 1280 sed
1541 1239 1684 1280 cum
1743 1229 1876 1280 non
1929 1215 2365 1298 susciperetur
2416 1213 2807 1298 Tarquinius
2864 1217 3139 1280 contulit
3196 1237 3261 1280 se

707 1323 786 1388 ad
833 1321 1268 1408 Porsennam,
1311 1343 1534 1408 regem
1583 1323 1874 1388 Tusciae.
1970 1321 2079 1406 qui
2124 1343 2245 1406 pro
2288 1319 2645 1406 Tarquinio
2696 1343 2843 1388 cum
2886 1321 3259 1406 ingentibus

707 1429 910 1512 copiis
979 1433 1164 1512 capto
1223 1429 1510 1496 Ianiculo
1569 1433 1636 1496 et
1685 1429 1822 1494 illic
1885 1427 2117 1492 castris
2176 1427 2443 1512 positiS,
2506 1427 2785 1492 Romam
2852 1427 3261 1492 vehementer

707 1535 982 1600 obsedit.
1057 1539 1126 1598 et
1169 1557 1314 1600 011111
1365 1559 1480 1620 per
1525 1537 1866 1602 sublicium
1911 1539 2213 1618 pontem,
2256 1535 2379 1600 hoc
2428 1539 2525 1598 est
2574 1535 2887 1620 ligneum,
2934 1535 3041 1616 qui
3088 1535 3259 1598 modo

709 1643 992 1724 lapideus
1033 1643 1282 1726 dicitur,
1343 1643 1624 1708 transire
1669 1647 2039 1726 conaretur,
2100 1643 2273 1734 solus
2324 1639 2549 1706 Cocles
2598 1641 2897 1706 hostilem
2948 1641 3259 1724 impetum

709 1748 1044 1832 sustinuit,
1093 1749 1294 1814 donec
1335 1773 1376 1814 a
1407 1753 1600 1834 tergo
1633 1771 1796 1836 pons
1841 1749 2199 1814 solveretur
2236 1771 2271 1814 a
2312 1749 2527 1814 sociis:
2580 1769 2705 1832 quo
2752 1749 2969 1812 soluto
3002 1769 3077 1814 se
3114 1769 3257 1814 cum

707 1857 904 1920 armis
949 1857 1408 1940 praecipitavit
1457 1857 1524 1920 in
1571 1855 1884 1938 Tiberim,
1931 1861 1999 1920 et
2040 1855 2195 1920 licet
2242 1856 2455 1920 laesus
2498 1859 2649 1920 esset
2692 1855 2759 1918 in
2808 1875 2993 1936 coxa,
3038 1859 3257 1918 tamen

707 1965 844 2026 eius
881 1961 1124 2026 fluenta
1161 1961 1520 2044 superavit:
1567 1961 1738 2026 unde
1775 1969 1876 2026 est
1909 1961 2077 2026 illud
2114 1961 2195 2024 ab
2236 1981 2309 2024 οο
2350 1961 2617 2044 dictum,
2662 1983 2811 2024 cum
2858 1961 2911 2024 ei
2962 1961 3031 2024 in
3072 1961 3258 2024 comi-

703 2069 818 2132 tiis
869 2089 1064 2132 coxae
1105 2067 1336 2132 vitium
1377 2065 1740 2132 obiceretur
1775 2063 1912 2150 ‘per
1956 2067 2243 2150 singulos
2276 2067 2513 2150 gradus
2556 2067 2909 2132 admoneor
2948 2067 3257 2152 triumphi

705 2171 886 2238 mei’.
957 2173 1026 2238 in
1071 2175 1324 2238 tantam
1375 2177 1594 2238 autem
1639 2171 1997 2238 obsidionis
2032 2173 2485 2238 necessitatem
2528 2175 2809 2258 populus
2850 2159 3145 2258 venerat,
3188 2179 3259 2239 ut
3300 2235 3305 2238 .

707 2279 908 2346 etiam
967 2279 1228 2344 obsides
1281 2279 1480 2344 daret.
1571 2301 1648 2344 ex
1695 2279 1926 2364 quibus
1982 2275 2229 2344 Cloelia
2268 2279 2537 2346 inventa
2588 2279 2915 2354 occasione
2966 2285 3257 2344 transna-

703 2387 874 2452 tavit
923 2385 1194 2450 fluvium
1249 2387 1312 2450 et
1371 2387 1644 2450 Romam
1703 2407 1961 2450 reversa
2016 2393 2139 2468 est,
2194 2387 2567 2472 redditaque
2622 2409 2847 2452 rursus
2904 2391 3029 2470 est,
3082 2387 3257 2472 pacis

703 2495 850 2578 lege
895 2513 1036 2556 eam
1075 2491 1404 2558 Porsenna
1443 2497 1794 2576 repetente.
1859 2495 1985 2576 'qui
2028 2493 2381 2560 admiratus
2428 2495 2737 2576 virtutem
2780 2495 3033 2578 puellae
3082 2493 3261 2558 dedit

703 2601 764 2664 ei
799 2599 1162 2684 optionem,
1211 2603 1282 2664 ut
1331 2621 1480 2666 011111
1515 2599 1748 2684 quibus
1781 2600 1983 2666 vellet
2012 2601 2267 2666 rediret.
2344 2601 2459 2664 illa
2502 2601 2705 2684 elegit
2748 2601 3029 2686 virgines
3044 2651 3061 2684 ,
3104 2587 3261 2682 qaae

699 2705 980 2772 iniuriae
1017 2711 1312 2790 poterant
1355 2705 1480 2772 esse
1519 2707 1842 2792 obnoxiae,
1903 2707 2075 2772 unde
2120 2705 2453 2772 Porsenna
2504 2707 2627 2772 hoc
2690 2729 2943 2792 quoque
2988 2707 3257 2772 miratus

705 2813 1048 2898 concessit,
1099 2817 1162 2876 et
1207 2813 1470 2900 rogavit
1511 2837 1628 2898 per
1669 2815 1930 2878 litteras
1980 2815 2289 2898 populum
2340 2813 2729 2896 Romanum,
2784 2819 2857 2878 ut
2906 2813 2967 2878 ei
3010 2813 3257 2896 aliquid

701 2921 888 2986 virile
931 2921 1406 2986 decerneretur:
1459 2921 1560 2986 0111
1609 2921 1762 2986 data
1797 2925 1896 2986 est
1939 2925 2155 2986 statua
2196 2921 2507 3004 equestris
2516 2971 2533 3000 ‚
2586 2943 2775 3006 quam
2824 2921 2891 2984 in
2932 2943 3115 2986 sacra
3156 2919 3257 2986 via

697 3027 1016 3110 hodieque
1073 3029 1524 3110 conspicimus.
1707 3043 2015 3092 EIEOTVM
2076 3027 2261 3092 facile
2318 3029 2579 3110 poterat
2630 3027 2867 3110 suscipi
2930 3035 2991 3092 et
3038 3027 3257 3092 occidi.

699 3133 808 3198 sed
867 3133 1010 3198 ideo
1055 3155 1188 3200 non
1239 3137 1338 3198 est
1383 3137 1720 3220 susceptus
1729 3185 1748 3218 ,
1811 3133 1967 3218 quia
2018 3135 2225 3198 occidi
2278 3155 2411 3200 non
2468 3135 2725 3216 poterat
2776 3135 3095 3218 religione
3138 3133 3255 3198 im-

697 3241 1024 3324 pediente:
1081 3229 1192 3304 1*οΧ
1249 3241 1418 3306 0111111
1479 3239 1676 3304 etiam
1733 3263 2069 3304 sacrorum
2126 3239 2357 3304 fuerat.
2450 3239 2615 3302 unde
2672 3243 2901 3322 postea
2950 3239 3059 3304 alii
3102 3239 3257 3302 facti

703 3353 854 3412 sunt
897 3347 1224 3432 0011311103,
1269 3347 1384 3410 0111
1429 3367 1618 3432 reges
1663 3367 2013 3410 sacrorum.
2194 3363 2563 3410 PORSENNA
2608 3367 2807 3410 unum
2856 3345 2963 3410 tn'
3010 3345 3257 3410 addidit

703 3455 892 3518 metri
941 3475 1160 3518 causa:
1209 3455 1378 3532 unde
1423 3459 1492 3518 et
1531 3455 1973 3536 paenultimae
2018 3451 2209 3518 datus
2256 3457 2559 3518 accentus
2606 3455 2733 3516 est:
2778 3473 2931 3516 nam
2972 3449 3257 3516 Porsena

703 3557 910 3628 dictus
961 3563 1088 3626 est:
1147 3561 1468 3626 Martialis
1509 3559 1588 3642 <Ι
1629 3561 1746 3644 21,
1793 3561 1876 3644 6>
1913 3561 2123 3624 'hanc
2170 3563 2521 3644 spectare
2574 3579 2871 3624 manum
2920 3559 3257 3622 Porsena

703 3689 856 3734 non
899 3669 1176 3752 potuit.

883 3773 1031 3840 648.
1105 3789 1486 3838 AENEADAE
1547 3773 1708 3838 satis
1765 3773 1963 3856 longe
2014 3773 2293 3854 petitum
2348 3773 2705 3854 epitheton.
2792 3777 2849 3836 et
2896 3777 3099 3854 potest
3146 3771 3257 3836 hoc

709 3883 832 3948 loco
877 3881 1138 3946 historia
1181 3883 1252 3946 de
1295 3881 1510 3944 Mucio
1555 3881 1766 3962 accipi.

849 4133 880 4182 s
937 4101 1034 4196 qui
1093 4129 1256 4184 modo
1311 4127 1572 4198 lapideus
1627 4127 1858 4200 dieitur]
1913 4127 1991 4182 cf..
2036 4125 2249 4182 Becker
2302 4127 2519 4180 Handb.
2580 4127 2679 4182 der
2728 4141 2897 4182 roem.
2946 4125 3185 4182 Alterth.
3228 4127 3255 4180 1

705 4217 758 4270 p.
791 4205 892 4254 695
917 4217 1033 4268 sqq.
1075 4201 1096 4270 ΙΙ
1135 4205 1204 4254 15
1243 4217 1308 4254 ex
1347 4199 1548 4270 quibus
1591 4199 1802 4256 Cloelia
1839 4217 1882 4254 0.
1923 4217 1979 4268 q.
2016 4199 2087 4268 3.]
2126 4197 2197 4252 cf.
2234 4199 2405 4252 schol.
2444 4199 2555 4254 vet.
2590 4199 2649 4252 in
2688 4199 2803 4254 Iuv,
2842 4199 2973 4252 VIII
3008 4205 3111 4254 265
3236 4215 3257 4228 ··

849 4437 876 4484 1
917 4433 988 4486 de
1025 4431 1142 4484 eius
1181 4431 1414 4484 abstulit
1447 4447 1672 4502 corpore
1701 4433 1756 4486 R
1783 4433 1802 4502 ΙΙ
1831 4433 2141 4486 extractum
2172 4429 2297 4484 LF
2318 4433 2579 4502 mythoyr.
2616 4433 2865 4486 exertum
2894 4431 3071 4484 AMs
3104 4447 3253 4486 exer-

705 4503 876 4558 eitum
915 4503 964 4556 S
1011 4505 1376 4570 exertumque
1399 4501 1460 4556 R
1485 4505 1504 4573 ΙΙ
1531 4509 1564 4556 6
1601 4519 1898 4570 porsenam
1929 4503 1983 4556 R
2006 4503 2027 4570 ΙΙ
2060 4521 2185 4556 011111
2220 4519 2321 4556 om.
2354 4503 2405 4556 L
2448 4505 2593 4572 (add.
2622 4505 2663 4572 l)
2692 4505 2711 4572 ΙΙ
2738 4509 2767 4556 7
2810 4501 3053 4556 ianiculo
3088 4505 3255 4572 capto

703 4577 758 4628 R
783 4577 804 4646 ΙΙ
835 4581 866 4630 8
903 4573 1238 4646 supplicium
1275 4573 1418 4628 ASz
1475 4573 1792 4628 subulbium
1825 4575 1922 4628 La
1978 4573 2263 4628 sublitium
2306 4573 2359 4628 R
2416 4575 2711 4642 suplicium
2744 4589 2773 4628 3
2802 4577 2819 4644 ΙΙ
2848 4579 2913 4626 11
2952 4571 3109 4646 licet]
3152 4577 3253 4630 sci-

599 4693 604 4696 .
703 4647 842 4700 licet
875 4645 918 4700 S
945 4648 964 4716 ΙΙ
991 4647 1236 4700 inlaesus
1273 4645 1422 4700 esset
1461 4661 1652 4700 coxam
1693 4645 1752 4698 F
1771 4645 1792 4712 ΙΙ
1839 4649 1900 4698 12
1943 4643 2061 4700 eius
2098 4661 2197 4700 om.
2234 4645 2347 4700 AS
2366 4645 2387 4714 ΙΙ
2422 4643 2689 4700 fluentam
2724 4645 2957 4700 uexauit
2990 4645 3053 4698 F
3074 4650 3093 4715 ΙΙ
3128 4665 3253 4700 cum

705 4717 756 4770 ei
793 4733 892 4770 om.
915 4719 978 4770 F
997 4721 1016 4786 ΙΙ
1045 4717 1298 4772 cometiis
1329 4719 1376 4770 L
1413 4715 1678 4786 (comitiis
1709 4717 1746 4784 l)
1805 4715 2117 4770 commitias
2148 4715 2225 4770 M
2272 4715 2495 4770 comicis
2534 4733 2571 4768 a
2594 4719 2613 4784 ΙΙ
2648 4721 2709 4770 15
2748 4715 2913 4772 codia
2948 4715 3001 4770 R
3028 4721 3253 4788 11110113-

703 4787 950 4840 mutauit
979 4787 1226 4856 tyberim
1261 4787 1326 4840 F
1347 4791 1366 4858 ΙΙ
1407 4793 1474 4840 16
1509 4785 1864 4852 redigitaque
1903 4787 1989 4840 est
2024 4787 2089 4838 F
2108 4789 2127 4854 ΙΙ
2168 4793 2231 4840 17
2268 4785 2393 4856 lege
2436 4803 2559 4840 eam
2592 4803 2697 4840 om.
2732 4785 2797 4838 F
2816 4789 2837 4856 ΙΙ
2858 4793 3089 4858 repente
3126 4789 3251 4842 LF

705 4861 862 4928 (corr.
895 4859 942 4928 Z)
971 4861 988 4930 [Ι
1019 4865 1086 4912 19
1123 4859 1394 4914 obnoxiae
1435 4859 1666 4912 Danielt
1707 4857 1906 4910 obnixe
1949 4857 2007 4912 F
2030 4859 2049 4928 ΙΙ
2086 4863 2151 4910 22
2194 4857 2437 4912 eiectum
2470 4859 2657 4910 autem
2698 4877 2867 4928 quare
2908 4861 3005 4916 aut
3044 4859 3137 4930 qui
3176 4859 3253 4916 fa-

703 4931 810 4986 cile
849 4931 908 4984 F
931 4933 952 5000 ΙΙ
995 4937 1066 4984 24
1103 4931 1272 4984 etiam
1311 4949 1408 4984 om.
1453 4929 1588 4984 AS}
1611 4931 1630 4999 11
1671 4929 1890 5000 postea]
1935 4931 2225 4998 praeterea
2258 4929 2317 4982 L
2352 4930 2507 4997 (corr.
2552 4931 2589 4998 l)
2648 4931 2819 4986 etiam
2852 4933 2919 4988 F
2948 4935 2965 5004 ΙΙ
3014 4939 3081 4988 25
3118 4949 3251 4988 30110

703 5019 944 5072 porsena
979 5003 1038 5056 F
1063 5003 1082 5072 ΙΙ
1109 5003 1266 5056 addit
1293 5003 1348 5054 L
1383 5003 1544 5070 (corr.
1575 5003 1612 5072 l)
1639 5003 1660 5068 ΙΙ
1691 5007 1754 5054 26
1795 5017 1967 5054 causa
2000 4999 2169 5054 metri
2204 4999 2255 5050 R
2284 5001 2305 5066 ΙΙ
2332 5005 2397 5054 27
2438 4999 2715 5070 marcialis
2750 5003 2853 5058 ST.
2882 5009 2903 5076 ΙΙ
2930 5007 3251 5076 exspectare

705 5091 872 5126 manu
909 5073 970 5126 F
991 5075 1010 5144 ΙΙ
1045 5089 1342 5142 porsenam
1375 5071 1434 5124 R
1487 5087 1762 5140 porsenna
1801 5059 1924 5124 LF
1958 5075 2113 5138 (corr.
2154 5073 2195 5138 l)
2228 5071 2249 5138 ΙΙ
2296 5075 2361 5126 28
2398 5087 2471 5126 110
2510 5073 2573 5126 F
2606 5071 2625 5150 ΙΙ
2672 5081 2737 5128 29
2778 5079 3081 5146 repetitum
3116 5077 3175 5130 R

2576 5203 2601 5278 l)
