<?xml version="1.0" encoding="UTF-8"?>
<!DOCTYPE html PUBLIC "-//W3C//DTD XHTML 1.0 Transitional//EN"
    "http://www.w3.org/TR/xhtml1/DTD/xhtml1-transitional.dtd">
<html xmlns="http://www.w3.org/1999/xhtml" xml:lang="en" lang="en">
 <head>
  <title>
</title>
<meta http-equiv="Content-Type" content="text/html;charset=utf-8" />
  <meta name='ocr-system' content='tesseract 3.04.00' />
  <meta name='ocr-capabilities' content='ocr_page ocr_carea ocr_par ocr_line ocrx_word'/>
</head>
<body>
  <div class='ocr_page' id='page_1' title='image "./serviigrammatic00hagegoog_0241.png"; bbox 0 0 3900 5784; ppageno 0'>
   <div class='ocr_carea' id='block_1_1' title="bbox 1287 631 3205 698">
    <p class='ocr_par' dir='ltr' id='par_1_1' title="bbox 1287 631 3205 698">
     <span class='ocr_line' id='line_1_1' title="bbox 1287 631 3205 698; baseline 0.004 -12"><span class='ocrx_word' id='word_1_1' title='bbox 1287 631 1512 688; x_wconf 82' lang='lat' dir='ltr'><strong>COMM.</strong></span> <span class='ocrx_word' id='word_1_2' title='bbox 1553 635 1632 686; x_wconf 83' lang='lat' dir='ltr'>IN</span> <span class='ocrx_word' id='word_1_3' title='bbox 1671 635 1886 692; x_wconf 79' lang='lat' dir='ltr'>VERG.</span> <span class='ocrx_word' id='word_1_4' title='bbox 1925 635 2089 688; x_wconf 82' lang='lat' dir='ltr'><strong>AEN.</strong></span> <span class='ocrx_word' id='word_1_5' title='bbox 2136 637 2263 692; x_wconf 84' lang='lat' dir='ltr'>VIII</span> <span class='ocrx_word' id='word_1_6' title='bbox 2300 645 2597 692; x_wconf 71' lang='lat' dir='ltr'>ess—291.</span> <span class='ocrx_word' id='word_1_7' title='bbox 3076 633 3205 698; x_wconf 85' lang='grc'><strong>239</strong></span> 
     </span>
    </p>
   </div>
   <div class='ocr_carea' id='block_1_2' title="bbox 625 795 3305 3768">
    <p class='ocr_par' dir='ltr' id='par_1_2' title="bbox 637 795 3207 1096">
     <span class='ocr_line' id='line_1_2' title="bbox 639 795 3207 878; baseline -0.001 -18"><span class='ocrx_word' id='word_1_8' title='bbox 639 797 806 860; x_wconf 75' lang='lat' dir='ltr'>enim</span> <span class='ocrx_word' id='word_1_9' title='bbox 859 797 988 860; x_wconf 76' lang='lat' dir='ltr'>eius</span> <span class='ocrx_word' id='word_1_10' title='bbox 1045 801 1246 878; x_wconf 73' lang='lat' dir='ltr'>operto</span> <span class='ocrx_word' id='word_1_11' title='bbox 1303 797 1500 878; x_wconf 71' lang='lat' dir='ltr'>eapite</span> <span class='ocrx_word' id='word_1_12' title='bbox 1555 803 1654 862; x_wconf 72' lang='lat' dir='ltr'>est.</span> <span class='ocrx_word' id='word_1_13' title='bbox 1747 803 1983 864; x_wconf 74' lang='lat' dir='ltr'>constat</span> <span class='ocrx_word' id='word_1_14' title='bbox 2036 803 2245 864; x_wconf 72' lang='lat' dir='ltr'>‘tamen</span> <span class='ocrx_word' id='word_1_15' title='bbox 2304 807 2445 866; x_wconf 73' lang='lat' dir='ltr'>ante</span> <span class='ocrx_word' id='word_1_16' title='bbox 2498 801 2825 864; x_wconf 73' lang='lat' dir='ltr'>adventum</span> <span class='ocrx_word' id='word_1_17' title='bbox 2882 797 2951 860; x_wconf 71' lang='lat' dir='ltr'>in</span> <span class='ocrx_word' id='word_1_18' title='bbox 3008 795 3207 860; x_wconf 66' lang='lat' dir='ltr'>Italia</span> 
     </span>
     <span class='ocr_line' id='line_1_3' title="bbox 637 903 3205 990; baseline -0.001 -22"><span class='ocrx_word' id='word_1_19' title='bbox 637 905 886 968; x_wconf 70' lang='lat' dir='ltr'>Aeneae</span> <span class='ocrx_word' id='word_1_20' title='bbox 923 923 1102 968; x_wconf 82' lang='lat' dir='ltr'>aram</span> <span class='ocrx_word' id='word_1_21' title='bbox 1141 903 1410 968; x_wconf 66' lang='lat' dir='ltr'>Herculi</span> <span class='ocrx_word' id='word_1_22' title='bbox 1441 911 1880 990; x_wconf 70' lang='lat' dir='ltr'><strong><em>consecratam,</em></strong></span> <span class='ocrx_word' id='word_1_23' title='bbox 1925 905 2003 968; x_wconf 77' lang='lat' dir='ltr'>ab</span> <span class='ocrx_word' id='word_1_24' title='bbox 2042 905 2255 968; x_wconf 72' lang='lat' dir='ltr'>Aenea</span> <span class='ocrx_word' id='word_1_25' title='bbox 2298 927 2435 968; x_wconf 83' lang='lat' dir='ltr'>vero</span> <span class='ocrx_word' id='word_1_26' title='bbox 2474 927 2701 970; x_wconf 72' lang='lat' dir='ltr'>‘morem</span> <span class='ocrx_word' id='word_1_27' title='bbox 2740 905 3205 988; x_wconf 72' lang='lat' dir='ltr'>operiendoram</span> 
     </span>
     <span class='ocr_line' id='line_1_4' title="bbox 637 1009 3201 1096; baseline 0 -22"><span class='ocrx_word' id='word_1_28' title='bbox 637 1011 914 1094; x_wconf 73' lang='lat' dir='ltr'>capitam</span> <span class='ocrx_word' id='word_1_29' title='bbox 947 1009 1294 1094; x_wconf 75' lang='lat' dir='ltr'>inductam,</span> <span class='ocrx_word' id='word_1_30' title='bbox 1337 1013 1498 1076; x_wconf 73' lang='lat' dir='ltr'>sieut</span> <span class='ocrx_word' id='word_1_31' title='bbox 1535 1013 1628 1076; x_wconf 73' lang='lat' dir='ltr'>ait</span> <span class='ocrx_word' id='word_1_32' title='bbox 1665 1011 1808 1094; x_wconf 87' lang='lat' dir='ltr'>&lt;III</span> <span class='ocrx_word' id='word_1_33' title='bbox 1833 1013 2015 1096; x_wconf 83' lang='lat'>405&gt;</span> <span class='ocrx_word' id='word_1_34' title='bbox 2046 1031 2427 1094; x_wconf 70' lang='lat' dir='ltr'>purpureo</span> <span class='ocrx_word' id='word_1_35' title='bbox 2468 1013 2867 1094; x_wconf 70' lang='lat' dir='ltr'>adopertas</span> <span class='ocrx_word' id='word_1_36' title='bbox 2912 1011 3201 1076; x_wconf 72' lang='lat' dir='ltr'>amicta.</span> 
     </span>
    </p>

    <p class='ocr_par' dir='ltr' id='par_1_3' title="bbox 635 1117 3275 1738">
     <span class='ocr_line' id='line_1_5' title="bbox 771 1117 3205 1204; baseline 0 -22"><span class='ocrx_word' id='word_1_37' title='bbox 771 1133 982 1182; x_wconf 81' lang='lat' dir='ltr'>PRIMA</span> <span class='ocrx_word' id='word_1_38' title='bbox 1043 1133 1414 1184; x_wconf 80' lang='lat' dir='ltr'><strong>NOVERCAE</strong></span> <span class='ocrx_word' id='word_1_39' title='bbox 1465 1137 1792 1184; x_wconf 77' lang='lat' dir='ltr'><strong>MONSTRA</strong></span> <span class='ocrx_word' id='word_1_40' title='bbox 1855 1121 2025 1184; x_wconf 84' lang='lat' dir='ltr'>bene</span> <span class='ocrx_word' id='word_1_41' title='bbox 2078 1117 2389 1204; x_wconf 67' lang='lat' dir='ltr'>‘prima&#39;3</span> <span class='ocrx_word' id='word_1_42' title='bbox 2450 1139 2603 1182; x_wconf 85' lang='lat' dir='ltr'>nam</span> <span class='ocrx_word' id='word_1_43' title='bbox 2666 1121 2729 1182; x_wconf 93' lang='lat' dir='ltr'>et</span> <span class='ocrx_word' id='word_1_44' title='bbox 2790 1119 2921 1184; x_wconf 87' lang='lat' dir='ltr'>alia</span> <span class='ocrx_word' id='word_1_45' title='bbox 2984 1119 3205 1184; x_wconf 87' lang='lat' dir='ltr'>omnia</span> 
     </span>
     <span class='ocr_line' id='line_1_6' title="bbox 637 1223 3275 1310; baseline -0.001 -20"><span class='ocrx_word' id='word_1_46' title='bbox 637 1225 908 1290; x_wconf 82' lang='lat' dir='ltr'>Iunonis</span> <span class='ocrx_word' id='word_1_47' title='bbox 951 1223 1206 1290; x_wconf 83' lang='lat' dir='ltr'>insidiis</span> <span class='ocrx_word' id='word_1_48' title='bbox 1255 1227 1544 1310; x_wconf 86' lang='lat' dir='ltr'>pertulit.</span> <span class='ocrx_word' id='word_1_49' title='bbox 1637 1227 1858 1292; x_wconf 85' lang='lat' dir='ltr'>fabula</span> <span class='ocrx_word' id='word_1_50' title='bbox 1907 1231 2123 1292; x_wconf 87' lang='lat' dir='ltr'>autem</span> <span class='ocrx_word' id='word_1_51' title='bbox 2170 1229 2295 1292; x_wconf 87' lang='lat' dir='ltr'>hoc</span> <span class='ocrx_word' id='word_1_52' title='bbox 2338 1225 2559 1292; x_wconf 86' lang='lat' dir='ltr'>habet.</span> <span class='ocrx_word' id='word_1_53' title='bbox 2650 1223 2957 1288; x_wconf 87' lang='lat' dir='ltr'>Hercules</span> <span class='ocrx_word' id='word_1_54' title='bbox 3008 1229 3201 1288; x_wconf 87' lang='lat' dir='ltr'>natus</span> <span class='ocrx_word' id='word_1_55' title='bbox 3244 1239 3275 1284; x_wconf 85' lang='lat'>5</span> 
     </span>
     <span class='ocr_line' id='line_1_7' title="bbox 637 1331 3199 1418; baseline -0.001 -22"><span class='ocrx_word' id='word_1_56' title='bbox 637 1337 736 1398; x_wconf 85' lang='lat' dir='ltr'>est</span> <span class='ocrx_word' id='word_1_57' title='bbox 785 1355 928 1396; x_wconf 83' lang='lat' dir='ltr'>cum</span> <span class='ocrx_word' id='word_1_58' title='bbox 971 1331 1252 1418; x_wconf 79' lang='lat' dir='ltr'>Iphiclo,</span> <span class='ocrx_word' id='word_1_59' title='bbox 1299 1333 2011 1418; x_wconf 79' lang='lat' dir='ltr'>Amphitryonis-filio,</span> <span class='ocrx_word' id='word_1_60' title='bbox 2090 1333 2201 1398; x_wconf 84' lang='lat' dir='ltr'>sed</span> <span class='ocrx_word' id='word_1_61' title='bbox 2252 1355 2399 1398; x_wconf 89' lang='lat' dir='ltr'>cum</span> <span class='ocrx_word' id='word_1_62' title='bbox 2442 1331 2611 1396; x_wconf 89' lang='lat' dir='ltr'>Iuno</span> <span class='ocrx_word' id='word_1_63' title='bbox 2658 1331 2813 1394; x_wconf 87' lang='lat' dir='ltr'>duos</span> <span class='ocrx_word' id='word_1_64' title='bbox 2870 1337 3199 1416; x_wconf 75' lang='lat' dir='ltr'>serpentes</span> 
     </span>
     <span class='ocr_line' id='line_1_8' title="bbox 635 1437 3199 1524; baseline 0 -22"><span class='ocrx_word' id='word_1_65' title='bbox 635 1439 994 1506; x_wconf 87' lang='lat' dir='ltr'>inmisisset</span> <span class='ocrx_word' id='word_1_66' title='bbox 1039 1439 1336 1524; x_wconf 79' lang='lat' dir='ltr'>Herculi,</span> <span class='ocrx_word' id='word_1_67' title='bbox 1395 1439 1678 1524; x_wconf 80' lang='lat' dir='ltr'>Iphiclus</span> <span class='ocrx_word' id='word_1_68' title='bbox 1729 1439 1806 1502; x_wconf 90' lang='lat' dir='ltr'>de</span> <span class='ocrx_word' id='word_1_69' title='bbox 1855 1439 2039 1502; x_wconf 85' lang='lat' dir='ltr'>cunis</span> <span class='ocrx_word' id='word_1_70' title='bbox 2090 1443 2339 1504; x_wconf 87' lang='lat' dir='ltr'>terrore</span> <span class='ocrx_word' id='word_1_71' title='bbox 2390 1439 2615 1522; x_wconf 87' lang='lat' dir='ltr'>lapsus</span> <span class='ocrx_word' id='word_1_72' title='bbox 2662 1459 2779 1502; x_wconf 86' lang='lat' dir='ltr'>suo</span> <span class='ocrx_word' id='word_1_73' title='bbox 2824 1437 3051 1520; x_wconf 84' lang='lat' dir='ltr'>vagitu</span> <span class='ocrx_word' id='word_1_74' title='bbox 3100 1463 3199 1502; x_wconf 78' lang='lat' dir='ltr'>ex-</span> 
     </span>
     <span class='ocr_line' id='line_1_9' title="bbox 637 1543 3199 1636; baseline -0.001 -26"><span class='ocrx_word' id='word_1_75' title='bbox 637 1547 862 1612; x_wconf 81' lang='lat' dir='ltr'>citavit</span> <span class='ocrx_word' id='word_1_76' title='bbox 909 1553 1226 1632; x_wconf 70' lang='lat' dir='ltr'>parentes</span> <span class='ocrx_word' id='word_1_77' title='bbox 1295 1547 1408 1630; x_wconf 90' lang='lat' dir='ltr'>qui</span> <span class='ocrx_word' id='word_1_78' title='bbox 1451 1569 1596 1610; x_wconf 88' lang='lat' dir='ltr'>cum</span> <span class='ocrx_word' id='word_1_79' title='bbox 1641 1547 2097 1628; x_wconf 71' lang='lat' dir='ltr'>surrexissent,</span> <span class='ocrx_word' id='word_1_80' title='bbox 2146 1545 2439 1610; x_wconf 82' lang='lat' dir='ltr'>viderunt</span> <span class='ocrx_word' id='word_1_81' title='bbox 2474 1543 2819 1610; x_wconf 83' lang='lat' dir='ltr'>Herculem</span> <span class='ocrx_word' id='word_1_82' title='bbox 2860 1549 3199 1636; x_wconf 74' lang='lat' dir='ltr'>augentem</span> 
     </span>
     <span class='ocr_line' id='line_1_10' title="bbox 635 1651 2423 1738; baseline -0.002 -20"><span class='ocrx_word' id='word_1_83' title='bbox 635 1655 934 1718; x_wconf 85' lang='lat' dir='ltr'>manibus</span> <span class='ocrx_word' id='word_1_84' title='bbox 979 1675 1228 1738; x_wconf 81' lang='lat' dir='ltr'>angues</span> <span class='ocrx_word' id='word_1_85' title='bbox 1279 1653 1586 1718; x_wconf 81' lang='lat' dir='ltr'>inmissos</span> <span class='ocrx_word' id='word_1_86' title='bbox 1639 1651 1694 1714; x_wconf 88' lang='lat' dir='ltr'>ei</span> <span class='ocrx_word' id='word_1_87' title='bbox 1741 1653 2189 1718; x_wconf 83' lang='lat' dir='ltr'>novercalibus</span> <span class='ocrx_word' id='word_1_88' title='bbox 2240 1651 2423 1718; x_wconf 89' lang='lat' dir='ltr'>odiis.</span> 
     </span>
    </p>

    <p class='ocr_par' dir='ltr' id='par_1_4' title="bbox 635 1757 3305 1946">
     <span class='ocr_line' id='line_1_11' title="bbox 811 1757 3305 1844; baseline -0.003 -20"><span class='ocrx_word' id='word_1_89' title='bbox 811 1761 958 1824; x_wconf 81' lang='lat'><strong>289.</strong></span> <span class='ocrx_word' id='word_1_90' title='bbox 1033 1775 1360 1824; x_wconf 79' lang='lat' dir='ltr'><strong>ELISERIT</strong></span> <span class='ocrx_word' id='word_1_91' title='bbox 1417 1757 1908 1844; x_wconf 73' lang='lat' dir='ltr'>praefocaverit.</span> <span class='ocrx_word' id='word_1_92' title='bbox 2002 1763 2057 1824; x_wconf 71' lang='lat' dir='ltr'>ct</span> <span class='ocrx_word' id='word_1_93' title='bbox 2110 1759 2273 1826; x_wconf 72' lang='lat' dir='ltr'>hunc</span> <span class='ocrx_word' id='word_1_94' title='bbox 2312 1779 2555 1824; x_wconf 78' lang='lat' dir='ltr'>versam</span> <span class='ocrx_word' id='word_1_95' title='bbox 2604 1759 2815 1842; x_wconf 72' lang='lat' dir='ltr'>ianye:</span> <span class='ocrx_word' id='word_1_96' title='bbox 2874 1779 3071 1822; x_wconf 71' lang='lat' dir='ltr'>anam</span> <span class='ocrx_word' id='word_1_97' title='bbox 3116 1763 3203 1824; x_wconf 78' lang='lat' dir='ltr'>est</span> <span class='ocrx_word' id='word_1_98' title='bbox 3244 1771 3305 1818; x_wconf 84' lang='lat'>10</span> 
     </span>
     <span class='ocr_line' id='line_1_12' title="bbox 635 1863 1648 1946; baseline -0.002 -16"><span class='ocrx_word' id='word_1_99' title='bbox 635 1867 798 1930; x_wconf 70' lang='lat' dir='ltr'>enim</span> <span class='ocrx_word' id='word_1_100' title='bbox 843 1863 1186 1932; x_wconf 63' lang='lat' dir='ltr'>‘membra’</span> <span class='ocrx_word' id='word_1_101' title='bbox 1235 1871 1294 1930; x_wconf 78' lang='lat' dir='ltr'>et</span> <span class='ocrx_word' id='word_1_102' title='bbox 1333 1863 1354 1892; x_wconf 65' lang='lat'><strong>‘</strong></span> <span class='ocrx_word' id='word_1_103' title='bbox 1369 1883 1596 1946; x_wconf 65' lang='lat' dir='ltr'>aeques</span> <span class='ocrx_word' id='word_1_104' title='bbox 1609 1863 1648 1928; x_wconf 73' lang='lat'>³.</span> 
     </span>
    </p>

    <p class='ocr_par' dir='ltr' id='par_1_5' title="bbox 625 1971 3299 3768">
     <span class='ocr_line' id='line_1_13' title="bbox 809 1971 3199 2058; baseline 0 -22"><span class='ocrx_word' id='word_1_105' title='bbox 809 1973 956 2036; x_wconf 81' lang='lat'>291..</span> <span class='ocrx_word' id='word_1_106' title='bbox 1035 1989 1442 2050; x_wconf 76' lang='lat' dir='ltr'><strong>TROIAMQVE</strong></span> <span class='ocrx_word' id='word_1_107' title='bbox 1511 1975 1582 2036; x_wconf 84' lang='lat' dir='ltr'>ut</span> <span class='ocrx_word' id='word_1_108' title='bbox 1641 1995 1834 2058; x_wconf 83' lang='lat' dir='ltr'>supra</span> <span class='ocrx_word' id='word_1_109' title='bbox 1893 1973 2195 2058; x_wconf 83' lang='lat' dir='ltr'>diximus,</span> <span class='ocrx_word' id='word_1_110' title='bbox 2266 1973 2531 2036; x_wconf 81' lang='lat' dir='ltr'>Troiam</span> <span class='ocrx_word' id='word_1_111' title='bbox 2588 1971 2899 2036; x_wconf 87' lang='lat' dir='ltr'>Hercules</span> <span class='ocrx_word' id='word_1_112' title='bbox 2966 1973 3199 2036; x_wconf 80' lang='lat' dir='ltr'>evertit</span> 
     </span>
     <span class='ocr_line' id='line_1_14' title="bbox 633 2069 3197 2166; baseline 0 -22"><span class='ocrx_word' id='word_1_113' title='bbox 633 2083 900 2164; x_wconf 82' lang='lat' dir='ltr'>propter</span> <span class='ocrx_word' id='word_1_114' title='bbox 941 2081 1216 2164; x_wconf 79' lang='lat' dir='ltr'>negatos</span> <span class='ocrx_word' id='word_1_115' title='bbox 1269 2079 1394 2144; x_wconf 83' lang='lat' dir='ltr'>sibi</span> <span class='ocrx_word' id='word_1_116' title='bbox 1437 2101 1478 2142; x_wconf 87' lang='lat' dir='ltr'>a</span> <span class='ocrx_word' id='word_1_117' title='bbox 1525 2077 1965 2144; x_wconf 72' lang='lat' dir='ltr'>Laomedonte</span> <span class='ocrx_word' id='word_1_118' title='bbox 2014 2069 2211 2166; x_wconf 79' lang='lat' dir='ltr'>equos</span> <span class='ocrx_word' id='word_1_119' title='bbox 2262 2081 2483 2144; x_wconf 81' lang='lat' dir='ltr'>divino</span> <span class='ocrx_word' id='word_1_120' title='bbox 2528 2081 2773 2144; x_wconf 87' lang='lat' dir='ltr'>semine</span> <span class='ocrx_word' id='word_1_121' title='bbox 2820 2083 3197 2162; x_wconf 83' lang='lat' dir='ltr'>procreatos</span> 
     </span>
     <span class='ocr_line' id='line_1_15' title="bbox 633 2183 3197 2272; baseline 0.001 -24"><span class='ocrx_word' id='word_1_122' title='bbox 633 2191 696 2248; x_wconf 92' lang='lat' dir='ltr'>et</span> <span class='ocrx_word' id='word_1_123' title='bbox 733 2183 1058 2248; x_wconf 81' lang='lat' dir='ltr'>Hesionae</span> <span class='ocrx_word' id='word_1_124' title='bbox 1097 2187 1390 2270; x_wconf 82' lang='lat' dir='ltr'>nuptias,</span> <span class='ocrx_word' id='word_1_125' title='bbox 1433 2207 1628 2270; x_wconf 85' lang='lat' dir='ltr'>quam</span> <span class='ocrx_word' id='word_1_126' title='bbox 1679 2207 1720 2248; x_wconf 87' lang='lat' dir='ltr'>a</span> <span class='ocrx_word' id='word_1_127' title='bbox 1757 2189 1898 2250; x_wconf 83' lang='lat' dir='ltr'>ceto</span> <span class='ocrx_word' id='word_1_128' title='bbox 1943 2187 2377 2272; x_wconf 63' lang='lat' dir='ltr'>liberaverat,</span> <span class='ocrx_word' id='word_1_129' title='bbox 2406 2193 2619 2252; x_wconf 74' lang='lat' dir='ltr'>necato</span> <span class='ocrx_word' id='word_1_130' title='bbox 2650 2191 2837 2268; x_wconf 72' lang='lat' dir='ltr'>patre</span> <span class='ocrx_word' id='word_1_131' title='bbox 2872 2189 3005 2252; x_wconf 72' lang='lat' dir='ltr'>eius</span> <span class='ocrx_word' id='word_1_132' title='bbox 3030 2187 3197 2252; x_wconf 86' lang='lat' dir='ltr'>Lao-</span> 
     </span>
     <span class='ocr_line' id='line_1_16' title="bbox 629 2291 3299 2378; baseline -0.001 -22"><span class='ocrx_word' id='word_1_133' title='bbox 629 2293 914 2356; x_wconf 71' lang='lat' dir='ltr'>medonte.</span> <span class='ocrx_word' id='word_1_134' title='bbox 1009 2313 1162 2356; x_wconf 89' lang='lat' dir='ltr'>sane</span> <span class='ocrx_word' id='word_1_135' title='bbox 1207 2293 1416 2358; x_wconf 86' lang='lat' dir='ltr'>critici</span> <span class='ocrx_word' id='word_1_136' title='bbox 1461 2293 1712 2358; x_wconf 89' lang='lat' dir='ltr'>frustra</span> <span class='ocrx_word' id='word_1_137' title='bbox 1759 2295 2027 2378; x_wconf 90' lang='lat' dir='ltr'>culpant</span> <span class='ocrx_word' id='word_1_138' title='bbox 2072 2291 2471 2378; x_wconf 82' lang='lat' dir='ltr'>Vergilium,</span> <span class='ocrx_word' id='word_1_139' title='bbox 2524 2293 2693 2376; x_wconf 86' lang='lat' dir='ltr'>quod</span> <span class='ocrx_word' id='word_1_140' title='bbox 2740 2293 3193 2378; x_wconf 86' lang='lat' dir='ltr'>praesentibus</span> <span class='ocrx_word' id='word_1_141' title='bbox 3240 2307 3299 2354; x_wconf 79' lang='lat'>15</span> 
     </span>
     <span class='ocr_line' id='line_1_17' title="bbox 629 2383 3197 2484; baseline 0 -20"><span class='ocrx_word' id='word_1_142' title='bbox 629 2399 924 2466; x_wconf 86' lang='lat' dir='ltr'>Troianis</span> <span class='ocrx_word' id='word_1_143' title='bbox 975 2399 1204 2464; x_wconf 84' lang='lat' dir='ltr'>Troiae</span> <span class='ocrx_word' id='word_1_144' title='bbox 1263 2383 1516 2464; x_wconf 86' lang='lat' dir='ltr'>laudari</span> <span class='ocrx_word' id='word_1_145' title='bbox 1571 2399 1930 2464; x_wconf 70' lang='lat' dir='ltr'>introduxit</span> <span class='ocrx_word' id='word_1_146' title='bbox 1990 2399 2333 2484; x_wconf 85' lang='lat' dir='ltr'>excidium,</span> <span class='ocrx_word' id='word_1_147' title='bbox 2388 2423 2521 2466; x_wconf 90' lang='lat' dir='ltr'>non</span> <span class='ocrx_word' id='word_1_148' title='bbox 2576 2399 2993 2484; x_wconf 79' lang='lat' dir='ltr'>respicientes</span> <span class='ocrx_word' id='word_1_149' title='bbox 3038 2401 3197 2484; x_wconf 85' lang='lat' dir='ltr'>quia</span> 
     </span>
     <span class='ocr_line' id='line_1_18' title="bbox 631 2505 3191 2592; baseline 0 -22"><span class='ocrx_word' id='word_1_150' title='bbox 631 2509 752 2572; x_wconf 88' lang='lat' dir='ltr'>hoc</span> <span class='ocrx_word' id='word_1_151' title='bbox 787 2507 956 2570; x_wconf 85' lang='lat' dir='ltr'>ratio</span> <span class='ocrx_word' id='word_1_152' title='bbox 997 2507 1152 2570; x_wconf 88' lang='lat' dir='ltr'>fecit</span> <span class='ocrx_word' id='word_1_153' title='bbox 1185 2505 1608 2592; x_wconf 79' lang='lat' dir='ltr'>hymnorum,</span> <span class='ocrx_word' id='word_1_154' title='bbox 1645 2507 1878 2590; x_wconf 87' lang='lat' dir='ltr'>quibus</span> <span class='ocrx_word' id='word_1_155' title='bbox 1915 2505 2161 2590; x_wconf 86' lang='lat' dir='ltr'>aliquid</span> <span class='ocrx_word' id='word_1_156' title='bbox 2202 2507 2585 2572; x_wconf 78' lang='lat' dir='ltr'>subtrahere</span> <span class='ocrx_word' id='word_1_157' title='bbox 2624 2507 3035 2592; x_wconf 81' lang='lat' dir='ltr'>sacrilegium</span> <span class='ocrx_word' id='word_1_158' title='bbox 3076 2513 3191 2572; x_wconf 85' lang='lat' dir='ltr'>est.</span> 
     </span>
     <span class='ocr_line' id='line_1_19' title="bbox 631 2613 3191 2696; baseline 0 -18"><span class='ocrx_word' id='word_1_159' title='bbox 631 2615 748 2678; x_wconf 63' lang='lat' dir='ltr'>alivi</span> <span class='ocrx_word' id='word_1_160' title='bbox 789 2615 994 2696; x_wconf 68' lang='lat' dir='ltr'>mayis</span> <span class='ocrx_word' id='word_1_161' title='bbox 1025 2613 1142 2678; x_wconf 71' lang='lat' dir='ltr'>hoe.</span> <span class='ocrx_word' id='word_1_162' title='bbox 1167 2613 1242 2678; x_wconf 74' lang='lat' dir='ltr'>in</span> <span class='ocrx_word' id='word_1_163' title='bbox 1275 2615 1572 2678; x_wconf 75' lang='lat' dir='ltr'>solacium</span> <span class='ocrx_word' id='word_1_164' title='bbox 1609 2615 1854 2678; x_wconf 75' lang='lat' dir='ltr'>Aeneae</span> <span class='ocrx_word' id='word_1_165' title='bbox 1887 2617 2207 2678; x_wconf 73' lang='lat' dir='ltr'>cantatam</span> <span class='ocrx_word' id='word_1_166' title='bbox 2240 2633 2439 2696; x_wconf 72' lang='lat' dir='ltr'>posse·</span> <span class='ocrx_word' id='word_1_167' title='bbox 2464 2613 2657 2696; x_wconf 57' lang='lat' dir='ltr'>accepi</span> <span class='ocrx_word' id='word_1_168' title='bbox 2706 2615 2995 2678; x_wconf 71' lang='lat' dir='ltr'>tradant:</span> <span class='ocrx_word' id='word_1_169' title='bbox 3038 2635 3191 2678; x_wconf 67' lang='lat' dir='ltr'>ream</span> 
     </span>
     <span class='ocr_line' id='line_1_20' title="bbox 629 2719 3191 2804; baseline 0.001 -20"><span class='ocrx_word' id='word_1_170' title='bbox 629 2723 792 2804; x_wconf 72' lang='lat' dir='ltr'>qaod</span> <span class='ocrx_word' id='word_1_171' title='bbox 821 2721 1086 2786; x_wconf 68' lang='lat' dir='ltr'>Herculi</span> <span class='ocrx_word' id='word_1_172' title='bbox 1123 2721 1334 2798; x_wconf 75' lang='lat' dir='ltr'>datar,</span> <span class='ocrx_word' id='word_1_173' title='bbox 1385 2719 1640 2786; x_wconf 77' lang='lat' dir='ltr'>Graecis</span> <span class='ocrx_word' id='word_1_174' title='bbox 1681 2721 1985 2802; x_wconf 73' lang='lat' dir='ltr'>aufertur.</span> <span class='ocrx_word' id='word_1_175' title='bbox 2046 2725 2109 2786; x_wconf 79' lang='lat' dir='ltr'>et</span> <span class='ocrx_word' id='word_1_176' title='bbox 2136 2723 2339 2802; x_wconf 73' lang='lat' dir='ltr'>potest</span> <span class='ocrx_word' id='word_1_177' title='bbox 2378 2721 2755 2786; x_wconf 69' lang='lat' dir='ltr'>oblitteratas</span> <span class='ocrx_word' id='word_1_178' title='bbox 2786 2721 2963 2786; x_wconf 73' lang='lat' dir='ltr'>dolor</span> <span class='ocrx_word' id='word_1_179' title='bbox 2996 2723 3191 2786; x_wconf 75' lang='lat' dir='ltr'>videri</span> 
     </span>
     <span class='ocr_line' id='line_1_21' title="bbox 631 2829 3291 2912; baseline -0.002 -18"><span class='ocrx_word' id='word_1_180' title='bbox 631 2831 1044 2912; x_wconf 72' lang='lat' dir='ltr'>[praeteritas]</span> <span class='ocrx_word' id='word_1_181' title='bbox 1053 2879 1072 2912; x_wconf 92' lang='lat'>,</span> <span class='ocrx_word' id='word_1_182' title='bbox 1129 2831 1376 2910; x_wconf 73' lang='lat' dir='ltr'>quando</span> <span class='ocrx_word' id='word_1_183' title='bbox 1419 2831 1508 2894; x_wconf 81' lang='lat' dir='ltr'>ad</span> <span class='ocrx_word' id='word_1_184' title='bbox 1541 2829 1800 2910; x_wconf 69' lang='lat' dir='ltr'>fatalem-</span> <span class='ocrx_word' id='word_1_185' title='bbox 1849 2833 2081 2894; x_wconf 74' lang='lat' dir='ltr'>terram</span> <span class='ocrx_word' id='word_1_186' title='bbox 2120 2833 2485 2910; x_wconf 71' lang='lat' dir='ltr'>perventum</span> <span class='ocrx_word' id='word_1_187' title='bbox 2524 2833 2639 2912; x_wconf 77' lang='lat' dir='ltr'>est,</span> <span class='ocrx_word' id='word_1_188' title='bbox 2692 2829 2855 2894; x_wconf 75' lang='lat' dir='ltr'>sicut</span> <span class='ocrx_word' id='word_1_189' title='bbox 2892 2829 3049 2894; x_wconf 63' lang='lat' dir='ltr'>alibi</span> <span class='ocrx_word' id='word_1_190' title='bbox 3094 2831 3191 2894; x_wconf 70' lang='lat' dir='ltr'>ait</span> <span class='ocrx_word' id='word_1_191' title='bbox 3224 2843 3291 2890; x_wconf 79' lang='lat'>20</span> 
     </span>
     <span class='ocr_line' id='line_1_22' title="bbox 629 2933 3187 3020; baseline 0 -20"><span class='ocrx_word' id='word_1_192' title='bbox 629 2935 874 3000; x_wconf 69' lang='lat' dir='ltr'>Aeneas</span> <span class='ocrx_word' id='word_1_193' title='bbox 925 2935 1006 3020; x_wconf 85' lang='lat'>&lt;1</span> <span class='ocrx_word' id='word_1_194' title='bbox 1049 2933 1228 3016; x_wconf 81' lang='lat'>206&gt;</span> <span class='ocrx_word' id='word_1_195' title='bbox 1279 2937 1448 3002; x_wconf 61' lang='lat' dir='ltr'>illic</span> <span class='ocrx_word' id='word_1_196' title='bbox 1507 2935 1630 3016; x_wconf 76' lang='lat' dir='ltr'>fas</span> <span class='ocrx_word' id='word_1_197' title='bbox 1691 2957 1918 3020; x_wconf 61' lang='lat' dir='ltr'>regma</span> <span class='ocrx_word' id='word_1_198' title='bbox 1982 2955 2363 3018; x_wconf 72' lang='lat' dir='ltr'>resaryere</span> <span class='ocrx_word' id='word_1_199' title='bbox 2418 2935 2713 3018; x_wconf 78' lang='lat' dir='ltr'>Troiae,</span> <span class='ocrx_word' id='word_1_200' title='bbox 2770 2939 2849 2998; x_wconf 72' lang='lat' dir='ltr'>at</span> <span class='ocrx_word' id='word_1_201' title='bbox 2902 2937 2993 3000; x_wconf 67' lang='lat' dir='ltr'>ibi</span> <span class='ocrx_word' id='word_1_202' title='bbox 3054 2937 3187 3000; x_wconf 77' lang='lat' dir='ltr'>iam</span> 
     </span>
     <span class='ocr_line' id='line_1_23' title="bbox 627 3041 3189 3126; baseline 0 -20"><span class='ocrx_word' id='word_1_203' title='bbox 627 3041 872 3106; x_wconf 67' lang='lat' dir='ltr'>dimerat</span> <span class='ocrx_word' id='word_1_204' title='bbox 913 3041 1082 3124; x_wconf 85' lang='lat' dir='ltr'>&lt;VII</span> <span class='ocrx_word' id='word_1_205' title='bbox 1135 3041 1304 3126; x_wconf 80' lang='lat'>120&gt;</span> <span class='ocrx_word' id='word_1_206' title='bbox 1351 3043 1548 3108; x_wconf 78' lang='lat' dir='ltr'>salve</span> <span class='ocrx_word' id='word_1_207' title='bbox 1591 3043 1778 3122; x_wconf 71' lang='lat' dir='ltr'>fatis</span> <span class='ocrx_word' id='word_1_208' title='bbox 1821 3041 2009 3106; x_wconf 71' lang='lat' dir='ltr'>mihi</span> <span class='ocrx_word' id='word_1_209' title='bbox 2048 3041 2295 3106; x_wconf 71' lang='lat' dir='ltr'>debita</span> <span class='ocrx_word' id='word_1_210' title='bbox 2344 3041 2593 3122; x_wconf 62' lang='lat' dir='ltr'>bellem,</span> <span class='ocrx_word' id='word_1_211' title='bbox 2648 3043 2799 3122; x_wconf 75' lang='lat' dir='ltr'>quia</span> <span class='ocrx_word' id='word_1_212' title='bbox 2846 3047 3189 3122; x_wconf 71' lang='lat' dir='ltr'>expectatus</span> 
     </span>
     <span class='ocr_line' id='line_1_24' title="bbox 627 3145 3187 3242; baseline 0.001 -30"><span class='ocrx_word' id='word_1_213' title='bbox 627 3155 874 3212; x_wconf 69' lang='lat' dir='ltr'>venerat</span> <span class='ocrx_word' id='word_1_214' title='bbox 929 3149 1054 3212; x_wconf 78' lang='lat' dir='ltr'>solo</span> <span class='ocrx_word' id='word_1_215' title='bbox 1119 3145 1422 3214; x_wconf 65' lang='lat' dir='ltr'>Laurenti</span> <span class='ocrx_word' id='word_1_216' title='bbox 1487 3149 1768 3232; x_wconf 75' lang='lat' dir='ltr'>arvisque</span> <span class='ocrx_word' id='word_1_217' title='bbox 1831 3149 2101 3214; x_wconf 68' lang='lat' dir='ltr'>Latinis.</span> <span class='ocrx_word' id='word_1_218' title='bbox 2282 3165 2833 3242; x_wconf 54' lang='lat' dir='ltr'><strong>OEOHALIAMQVE</strong></span> <span class='ocrx_word' id='word_1_219' title='bbox 2894 3149 3187 3216; x_wconf 74' lang='lat' dir='ltr'>Oechalia</span> 
     </span>
     <span class='ocr_line' id='line_1_25' title="bbox 627 3255 3185 3340; baseline 0 -20"><span class='ocrx_word' id='word_1_220' title='bbox 627 3257 842 3320; x_wconf 74' lang='lat' dir='ltr'>civitas</span> <span class='ocrx_word' id='word_1_221' title='bbox 893 3257 964 3320; x_wconf 73' lang='lat' dir='ltr'>in</span> <span class='ocrx_word' id='word_1_222' title='bbox 1009 3255 1262 3322; x_wconf 77' lang='lat' dir='ltr'>Euboea</span> <span class='ocrx_word' id='word_1_223' title='bbox 1313 3257 1524 3322; x_wconf 72' lang='lat' dir='ltr'>insula</span> <span class='ocrx_word' id='word_1_224' title='bbox 1573 3257 1728 3338; x_wconf 70' lang='lat' dir='ltr'>fait,</span> <span class='ocrx_word' id='word_1_225' title='bbox 1783 3257 1965 3322; x_wconf 74' lang='lat' dir='ltr'>caius</span> <span class='ocrx_word' id='word_1_226' title='bbox 2006 3257 2299 3340; x_wconf 81' lang='lat' dir='ltr'>Eurytus</span> <span class='ocrx_word' id='word_1_227' title='bbox 2356 3281 2473 3322; x_wconf 83' lang='lat' dir='ltr'>rex</span> <span class='ocrx_word' id='word_1_228' title='bbox 2516 3257 2701 3322; x_wconf 87' lang='lat' dir='ltr'>Iolen</span> <span class='ocrx_word' id='word_1_229' title='bbox 2744 3257 2951 3322; x_wconf 88' lang='lat' dir='ltr'>filiam</span> <span class='ocrx_word' id='word_1_230' title='bbox 2996 3257 3185 3320; x_wconf 83' lang='lat' dir='ltr'>dene-</span> 
     </span>
     <span class='ocr_line' id='line_1_26' title="bbox 629 3361 3289 3450; baseline -0.002 -22"><span class='ocrx_word' id='word_1_231' title='bbox 629 3363 808 3448; x_wconf 79' lang='lat' dir='ltr'>gavit</span> <span class='ocrx_word' id='word_1_232' title='bbox 871 3361 1164 3442; x_wconf 84' lang='lat' dir='ltr'>Herculi,</span> <span class='ocrx_word' id='word_1_233' title='bbox 1231 3365 1444 3430; x_wconf 75' lang='lat' dir='ltr'>victori</span> <span class='ocrx_word' id='word_1_234' title='bbox 1503 3365 1834 3430; x_wconf 73' lang='lat' dir='ltr'>certamine</span> <span class='ocrx_word' id='word_1_235' title='bbox 1891 3365 2265 3448; x_wconf 65' lang='lat' dir='ltr'>sayittarum</span> <span class='ocrx_word' id='word_1_236' title='bbox 2332 3367 2483 3428; x_wconf 86' lang='lat' dir='ltr'>ante</span> <span class='ocrx_word' id='word_1_237' title='bbox 2548 3365 2939 3448; x_wconf 86' lang='lat' dir='ltr'>promissam</span> <span class='ocrx_word' id='word_1_238' title='bbox 2952 3415 2969 3450; x_wconf 89' lang='lat'>,</span> <span class='ocrx_word' id='word_1_239' title='bbox 3032 3365 3181 3428; x_wconf 90' lang='lat' dir='ltr'>ideo</span> <span class='ocrx_word' id='word_1_240' title='bbox 3220 3375 3289 3424; x_wconf 85' lang='lat'>25</span> 
     </span>
     <span class='ocr_line' id='line_1_27' title="bbox 631 3469 3185 3556; baseline 0 -22"><span class='ocrx_word' id='word_1_241' title='bbox 631 3469 796 3554; x_wconf 86' lang='lat' dir='ltr'>quod</span> <span class='ocrx_word' id='word_1_242' title='bbox 847 3491 992 3534; x_wconf 88' lang='lat' dir='ltr'>eum</span> <span class='ocrx_word' id='word_1_243' title='bbox 1043 3471 1258 3536; x_wconf 81' lang='lat' dir='ltr'>fuerat</span> <span class='ocrx_word' id='word_1_244' title='bbox 1309 3471 1482 3536; x_wconf 91' lang='lat' dir='ltr'>filius</span> <span class='ocrx_word' id='word_1_245' title='bbox 1537 3471 1912 3536; x_wconf 82' lang='lat' dir='ltr'>dehortatus</span> <span class='ocrx_word' id='word_1_246' title='bbox 1923 3521 1944 3554; x_wconf 91' lang='lat'>,</span> <span class='ocrx_word' id='word_1_247' title='bbox 2006 3473 2225 3536; x_wconf 89' lang='lat' dir='ltr'>dicens</span> <span class='ocrx_word' id='word_1_248' title='bbox 2282 3471 2377 3536; x_wconf 83' lang='lat' dir='ltr'>ab.</span> <span class='ocrx_word' id='word_1_249' title='bbox 2410 3469 2691 3536; x_wconf 82' lang='lat' dir='ltr'>Hercule</span> <span class='ocrx_word' id='word_1_250' title='bbox 2738 3475 2803 3534; x_wconf 89' lang='lat' dir='ltr'>et</span> <span class='ocrx_word' id='word_1_251' title='bbox 2846 3471 3185 3556; x_wconf 85' lang='lat' dir='ltr'>Megaram</span> 
     </span>
     <span class='ocr_line' id='line_1_28' title="bbox 627 3575 3185 3662; baseline 0.001 -24"><span class='ocrx_word' id='word_1_252' title='bbox 627 3599 892 3640; x_wconf 83' lang='lat' dir='ltr'>uxorem</span> <span class='ocrx_word' id='word_1_253' title='bbox 959 3581 1022 3640; x_wconf 90' lang='lat' dir='ltr'>et</span> <span class='ocrx_word' id='word_1_254' title='bbox 1087 3599 1162 3640; x_wconf 79' lang='lat' dir='ltr'>ex</span> <span class='ocrx_word' id='word_1_255' title='bbox 1229 3599 1300 3642; x_wconf 86' lang='lat' dir='ltr'>ea</span> <span class='ocrx_word' id='word_1_256' title='bbox 1361 3577 1526 3642; x_wconf 88' lang='lat' dir='ltr'>filios</span> <span class='ocrx_word' id='word_1_257' title='bbox 1547 3609 1554 3614; x_wconf 41' lang='lat'>⁴⁴</span> <span class='ocrx_word' id='word_1_258' title='bbox 1589 3577 2041 3662; x_wconf 85' lang='lat' dir='ltr'>interemptos,</span> <span class='ocrx_word' id='word_1_259' title='bbox 2108 3577 2275 3660; x_wconf 87' lang='lat' dir='ltr'>quod</span> <span class='ocrx_word' id='word_1_260' title='bbox 2340 3575 2585 3640; x_wconf 83' lang='lat' dir='ltr'>factum</span> <span class='ocrx_word' id='word_1_261' title='bbox 2644 3575 2861 3640; x_wconf 88' lang='lat' dir='ltr'>fuerat</span> <span class='ocrx_word' id='word_1_262' title='bbox 2918 3575 3185 3642; x_wconf 83' lang='lat' dir='ltr'>Iunonis</span> 
     </span>
     <span class='ocr_line' id='line_1_29' title="bbox 625 3683 3187 3768; baseline 0 -22"><span class='ocrx_word' id='word_1_263' title='bbox 625 3683 958 3748; x_wconf 88' lang='lat' dir='ltr'>instinctu.</span> <span class='ocrx_word' id='word_1_264' title='bbox 1045 3683 1218 3746; x_wconf 89' lang='lat' dir='ltr'>unde</span> <span class='ocrx_word' id='word_1_265' title='bbox 1285 3683 1492 3748; x_wconf 85' lang='lat' dir='ltr'>iratus</span> <span class='ocrx_word' id='word_1_266' title='bbox 1557 3683 1868 3748; x_wconf 87' lang='lat' dir='ltr'>Hercules</span> <span class='ocrx_word' id='word_1_267' title='bbox 1943 3685 2213 3768; x_wconf 89' lang='lat' dir='ltr'>propter</span> <span class='ocrx_word' id='word_1_268' title='bbox 2280 3685 2549 3768; x_wconf 85' lang='lat' dir='ltr'>nuptias</span> <span class='ocrx_word' id='word_1_269' title='bbox 2618 3683 2747 3746; x_wconf 87' lang='lat' dir='ltr'>sibi</span> <span class='ocrx_word' id='word_1_270' title='bbox 2814 3683 3187 3766; x_wconf 79' lang='lat' dir='ltr'>denegataS,</span> 
     </span>
    </p>
   </div>
   <div class='ocr_carea' id='block_1_3' title="bbox 625 3845 1048 3854">
    <p class='ocr_par' dir='ltr' id='par_1_6' title="bbox 625 3845 1048 3854">
     <span class='ocr_line' id='line_1_30' title="bbox 625 3845 1048 3854; baseline 0 0"><span class='ocrx_word' id='word_1_271' title='bbox 625 3845 1048 3854; x_wconf 95' lang='lat' dir='ltr'> </span> 
     </span>
    </p>
   </div>
   <div class='ocr_carea' id='block_1_4' title="bbox 627 3927 3181 4070">
    <p class='ocr_par' dir='ltr' id='par_1_7' title="bbox 627 3927 3181 4070">
     <span class='ocr_line' id='line_1_31' title="bbox 769 3927 3181 3998; baseline -0 -16"><span class='ocrx_word' id='word_1_272' title='bbox 769 3935 802 3982; x_wconf 83' lang='lat'>5</span> <span class='ocrx_word' id='word_1_273' title='bbox 841 3929 1108 3984; x_wconf 87' lang='lat' dir='ltr'>Hercules</span> <span class='ocrx_word' id='word_1_274' title='bbox 1147 3971 1156 3982; x_wconf 96' lang='lat'>.</span> <span class='ocrx_word' id='word_1_275' title='bbox 1195 3973 1206 3986; x_wconf 89' lang='lat'><strong>.</strong></span> <span class='ocrx_word' id='word_1_276' title='bbox 1237 3969 1250 3982; x_wconf 85' lang='lat'><em>.</em></span> <span class='ocrx_word' id='word_1_277' title='bbox 1289 3927 1462 3998; x_wconf 87' lang='lat' dir='ltr'>odiis]</span> <span class='ocrx_word' id='word_1_278' title='bbox 1499 3947 1668 3982; x_wconf 86' lang='lat' dir='ltr'>exscr.</span> <span class='ocrx_word' id='word_1_279' title='bbox 1711 3929 1987 3998; x_wconf 80' lang='lat' dir='ltr'>mythogr.</span> <span class='ocrx_word' id='word_1_280' title='bbox 2024 3927 2055 3980; x_wconf 93' lang='lat' dir='ltr'>I</span> <span class='ocrx_word' id='word_1_281' title='bbox 2092 3931 2159 3980; x_wconf 81' lang='lat'>50</span> <span class='ocrx_word' id='word_1_282' title='bbox 2188 3929 2207 3998; x_wconf 77' lang='grc' dir='ltr'>ΙΙ</span> <span class='ocrx_word' id='word_1_283' title='bbox 2254 3935 2323 3982; x_wconf 90' lang='grc'>10</span> <span class='ocrx_word' id='word_1_284' title='bbox 2360 3947 2601 3982; x_wconf 56' lang='grc'><strong>0111001111·</strong></span> <span class='ocrx_word' id='word_1_285' title='bbox 2636 3927 3073 3998; x_wconf 78' lang='lat' dir='ltr'>praefocaverit]</span> <span class='ocrx_word' id='word_1_286' title='bbox 3110 3929 3181 3982; x_wconf 87' lang='lat' dir='ltr'>cf.</span> 
     </span>
     <span class='ocr_line' id='line_1_32' title="bbox 627 3999 2859 4070; baseline -0.002 -14"><span class='ocrx_word' id='word_1_287' title='bbox 627 4001 770 4056; x_wconf 87' lang='lat' dir='ltr'>Non.</span> <span class='ocrx_word' id='word_1_288' title='bbox 809 4019 862 4070; x_wconf 88' lang='lat' dir='ltr'>p.</span> <span class='ocrx_word' id='word_1_289' title='bbox 901 4005 1024 4070; x_wconf 90' lang='grc'><strong>291,</strong></span> <span class='ocrx_word' id='word_1_290' title='bbox 1063 4007 1130 4054; x_wconf 85' lang='lat'>33</span> <span class='ocrx_word' id='word_1_291' title='bbox 1159 4001 1236 4056; x_wconf 90' lang='lat' dir='ltr'>M.</span> <span class='ocrx_word' id='word_1_292' title='bbox 1263 4003 1282 4070; x_wconf 82' lang='grc' dir='ltr'>ΙΙ</span> <span class='ocrx_word' id='word_1_293' title='bbox 1325 4007 1392 4058; x_wconf 83' lang='grc'><strong>24</strong></span> <span class='ocrx_word' id='word_1_294' title='bbox 1429 4001 1674 4070; x_wconf 76' lang='lat' dir='ltr'>Eurytus</span> <span class='ocrx_word' id='word_1_295' title='bbox 1713 4017 1808 4054; x_wconf 82' lang='lat' dir='ltr'>rex</span> <span class='ocrx_word' id='word_1_296' title='bbox 1847 4017 1890 4056; x_wconf 87' lang='lat' dir='ltr'>e.</span> <span class='ocrx_word' id='word_1_297' title='bbox 1933 4019 1985 4070; x_wconf 85' lang='lat' dir='ltr'>q.</span> <span class='ocrx_word' id='word_1_298' title='bbox 2024 4001 2095 4070; x_wconf 76' lang='grc'>0.]</span> <span class='ocrx_word' id='word_1_299' title='bbox 2134 4015 2309 4056; x_wconf 75' lang='lat' dir='ltr'>exscr.</span> <span class='ocrx_word' id='word_1_300' title='bbox 2348 4001 2625 4070; x_wconf 80' lang='lat' dir='ltr'>mythogr.</span> <span class='ocrx_word' id='word_1_301' title='bbox 2666 3999 2717 4052; x_wconf 87' lang='lat' dir='ltr'>II</span> <span class='ocrx_word' id='word_1_302' title='bbox 2758 4005 2859 4052; x_wconf 82' lang='lat'>159</span> 
     </span>
    </p>
   </div>
   <div class='ocr_carea' id='block_1_5' title="bbox 629 4147 1052 4156">
    <p class='ocr_par' dir='ltr' id='par_1_8' title="bbox 629 4147 1052 4156">
     <span class='ocr_line' id='line_1_33' title="bbox 629 4147 1052 4156; baseline 0 1628"><span class='ocrx_word' id='word_1_303' title='bbox 629 4147 1052 4156; x_wconf 95' lang='lat' dir='ltr'> </span> 
     </span>
    </p>
   </div>
   <div class='ocr_carea' id='block_1_6' title="bbox 615 4229 3185 5087">
    <p class='ocr_par' dir='ltr' id='par_1_9' title="bbox 615 4229 3185 5087">
     <span class='ocr_line' id='line_1_34' title="bbox 771 4229 3185 4304; baseline 0 -18"><span class='ocrx_word' id='word_1_304' title='bbox 771 4241 796 4286; x_wconf 94' lang='lat'>1</span> <span class='ocrx_word' id='word_1_305' title='bbox 839 4233 1054 4304; x_wconf 87' lang='lat' dir='ltr'>tamen]</span> <span class='ocrx_word' id='word_1_306' title='bbox 1111 4235 1300 4286; x_wconf 87' lang='lat' dir='ltr'>autem</span> <span class='ocrx_word' id='word_1_307' title='bbox 1335 4233 1544 4288; x_wconf 73' lang='lat' dir='ltr'>Daniel</span> <span class='ocrx_word' id='word_1_308' title='bbox 1597 4235 1616 4304; x_wconf 78' lang='grc' dir='ltr'>ΙΙ</span> <span class='ocrx_word' id='word_1_309' title='bbox 1669 4233 1726 4288; x_wconf 83' lang='grc'>111</span> <span class='ocrx_word' id='word_1_310' title='bbox 1773 4233 1973 4288; x_wconf 85' lang='lat' dir='ltr'>italiae</span> <span class='ocrx_word' id='word_1_311' title='bbox 2018 4247 2191 4286; x_wconf 83' lang='lat' dir='ltr'>eneae</span> <span class='ocrx_word' id='word_1_312' title='bbox 2228 4233 2309 4286; x_wconf 83' lang='lat' dir='ltr'>F:</span> <span class='ocrx_word' id='word_1_313' title='bbox 2354 4231 2581 4286; x_wconf 84' lang='lat' dir='ltr'>Aeneae</span> <span class='ocrx_word' id='word_1_314' title='bbox 2614 4229 2675 4284; x_wconf 86' lang='lat' dir='ltr'>in</span> <span class='ocrx_word' id='word_1_315' title='bbox 2710 4231 2937 4286; x_wconf 83' lang='lat' dir='ltr'>Italiam</span> <span class='ocrx_word' id='word_1_316' title='bbox 2970 4231 3185 4288; x_wconf 73' lang='lat' dir='ltr'>Daniel</span> 
     </span>
     <span class='ocr_line' id='line_1_35' title="bbox 627 4303 3181 4374; baseline 0 -16"><span class='ocrx_word' id='word_1_317' title='bbox 627 4305 850 4360; x_wconf 81' lang='lat' dir='ltr'>Aeneae</span> <span class='ocrx_word' id='word_1_318' title='bbox 897 4303 960 4358; x_wconf 89' lang='lat' dir='ltr'>in</span> <span class='ocrx_word' id='word_1_319' title='bbox 1005 4303 1174 4358; x_wconf 87' lang='lat' dir='ltr'>ltalia</span> <span class='ocrx_word' id='word_1_320' title='bbox 1211 4305 1422 4358; x_wconf 77' lang='lat' dir='ltr'>Gavius</span> <span class='ocrx_word' id='word_1_321' title='bbox 1459 4305 1670 4360; x_wconf 71' lang='lat' dir='ltr'>Bassus</span> <span class='ocrx_word' id='word_1_322' title='bbox 1707 4307 1858 4374; x_wconf 77' lang='lat' dir='ltr'>apud</span> <span class='ocrx_word' id='word_1_323' title='bbox 1893 4305 2249 4358; x_wconf 77' lang='lat' dir='ltr'>Macrobium</span> <span class='ocrx_word' id='word_1_324' title='bbox 2304 4307 2323 4374; x_wconf 85' lang='grc' dir='ltr'>ΙΙ</span> <span class='ocrx_word' id='word_1_325' title='bbox 2376 4311 2411 4358; x_wconf 80' lang='lat'>4</span> <span class='ocrx_word' id='word_1_326' title='bbox 2456 4305 2615 4358; x_wconf 76' lang='lat' dir='ltr'>schol.</span> <span class='ocrx_word' id='word_1_327' title='bbox 2654 4303 2729 4358; x_wconf 78' lang='lat' dir='ltr'>ad</span> <span class='ocrx_word' id='word_1_328' title='bbox 2772 4323 2935 4356; x_wconf 68' lang='lat' dir='ltr'>raum</span> <span class='ocrx_word' id='word_1_329' title='bbox 2978 4323 3181 4358; x_wconf 66' lang='lat' dir='ltr'>Novan-</span> 
     </span>
     <span class='ocr_line' id='line_1_36' title="bbox 625 4373 3181 4446; baseline 0 -18"><span class='ocrx_word' id='word_1_330' title='bbox 625 4395 730 4430; x_wconf 69' lang='grc'><strong>01111</strong></span> <span class='ocrx_word' id='word_1_331' title='bbox 775 4393 1012 4430; x_wconf 58' lang='lat' dir='ltr'>monuwa</span> <span class='ocrx_word' id='word_1_332' title='bbox 1065 4391 1164 4430; x_wconf 82' lang='lat' dir='ltr'>om.</span> <span class='ocrx_word' id='word_1_333' title='bbox 1215 4375 1274 4428; x_wconf 81' lang='lat' dir='ltr'><em>F</em></span> <span class='ocrx_word' id='word_1_334' title='bbox 1321 4377 1342 4445; x_wconf 89' lang='grc' dir='ltr'>ΙΙ</span> <span class='ocrx_word' id='word_1_335' title='bbox 1395 4385 1428 4430; x_wconf 84' lang='grc'>6</span> <span class='ocrx_word' id='word_1_336' title='bbox 1479 4377 1614 4430; x_wconf 84' lang='lat' dir='ltr'>ifido</span> <span class='ocrx_word' id='word_1_337' title='bbox 1661 4377 1778 4430; x_wconf 80' lang='lat' dir='ltr'>AR</span> <span class='ocrx_word' id='word_1_338' title='bbox 1833 4373 1999 4430; x_wconf 87' lang='lat' dir='ltr'>ificho</span> <span class='ocrx_word' id='word_1_339' title='bbox 2048 4375 2117 4428; x_wconf 85' lang='grc' dir='ltr'><em>Η</em></span> <span class='ocrx_word' id='word_1_340' title='bbox 2164 4377 2183 4446; x_wconf 84' lang='grc' dir='ltr'>ΙΙ</span> <span class='ocrx_word' id='word_1_341' title='bbox 2246 4383 2275 4430; x_wconf 78' lang='grc'><strong>7</strong></span> <span class='ocrx_word' id='word_1_342' title='bbox 2330 4375 2457 4430; x_wconf 87' lang='lat' dir='ltr'>idus</span> <span class='ocrx_word' id='word_1_343' title='bbox 2500 4375 2559 4426; x_wconf 78' lang='lat' dir='ltr'><strong><em>A</em></strong></span> <span class='ocrx_word' id='word_1_344' title='bbox 2608 4373 2795 4442; x_wconf 83' lang='lat' dir='ltr'>(ifidus</span> <span class='ocrx_word' id='word_1_345' title='bbox 2840 4373 3181 4442; x_wconf 75' lang='grc' dir='ltr'><strong>α)’1111101110</strong></span> 
     </span>
     <span class='ocr_line' id='line_1_37' title="bbox 625 4445 3179 4516; baseline 0 -16"><span class='ocrx_word' id='word_1_346' title='bbox 625 4447 696 4500; x_wconf 82' lang='lat' dir='ltr'><strong><em>H</em></strong></span> <span class='ocrx_word' id='word_1_347' title='bbox 733 4451 750 4516; x_wconf 84' lang='grc' dir='ltr'>ΙΙ</span> <span class='ocrx_word' id='word_1_348' title='bbox 805 4453 838 4502; x_wconf 86' lang='lat'><em>8</em></span> <span class='ocrx_word' id='word_1_349' title='bbox 883 4447 1166 4502; x_wconf 83' lang='lat' dir='ltr'>herculem</span> <span class='ocrx_word' id='word_1_350' title='bbox 1219 4463 1432 4516; x_wconf 82' lang='lat' dir='ltr'>angues</span> <span class='ocrx_word' id='word_1_351' title='bbox 1485 4447 1768 4502; x_wconf 86' lang='lat' dir='ltr'>tenentem</span> <span class='ocrx_word' id='word_1_352' title='bbox 1825 4447 2085 4502; x_wconf 86' lang='lat' dir='ltr'>manibus</span> <span class='ocrx_word' id='word_1_353' title='bbox 2130 4445 2365 4516; x_wconf 78' lang='lat' dir='ltr'>singulis</span> <span class='ocrx_word' id='word_1_354' title='bbox 2414 4445 2675 4500; x_wconf 80' lang='lat' dir='ltr'>inmissos</span> <span class='ocrx_word' id='word_1_355' title='bbox 2718 4445 2831 4500; x_wconf 78' lang='lat' dir='ltr'>As</span> <span class='ocrx_word' id='word_1_356' title='bbox 2870 4445 3179 4514; x_wconf 60' lang='grc'><strong>0191110910-</strong></span> 
     </span>
     <span class='ocr_line' id='line_1_38' title="bbox 615 4515 3181 4588; baseline -0 -16"><span class='ocrx_word' id='word_1_357' title='bbox 615 4519 790 4586; x_wconf 71' lang='lat' dir='ltr'>phas,</span> <span class='ocrx_word' id='word_1_358' title='bbox 845 4519 960 4574; x_wconf 74' lang='lat' dir='ltr'>nisi</span> <span class='ocrx_word' id='word_1_359' title='bbox 1009 4519 1152 4588; x_wconf 73' lang='lat' dir='ltr'>quod</span> <span class='ocrx_word' id='word_1_360' title='bbox 1199 4519 1286 4572; x_wconf 76' lang='lat' dir='ltr'>hic</span> <span class='ocrx_word' id='word_1_361' title='bbox 1337 4517 1572 4586; x_wconf 82' lang='lat' dir='ltr'>singulis</span> <span class='ocrx_word' id='word_1_362' title='bbox 1615 4519 1816 4574; x_wconf 76' lang='lat' dir='ltr'>omittit</span> <span class='ocrx_word' id='word_1_363' title='bbox 1859 4519 1876 4586; x_wconf 88' lang='grc' dir='ltr'>ΙΙ</span> <span class='ocrx_word' id='word_1_364' title='bbox 1923 4519 2245 4588; x_wconf 70' lang='lat' dir='ltr'>augentem]</span> <span class='ocrx_word' id='word_1_365' title='bbox 2306 4517 2589 4572; x_wconf 81' lang='lat' dir='ltr'>tenentem</span> <span class='ocrx_word' id='word_1_366' title='bbox 2624 4515 2681 4568; x_wconf 82' lang='lat' dir='ltr'><em>R</em></span> <span class='ocrx_word' id='word_1_367' title='bbox 2722 4517 2741 4583; x_wconf 85' lang='grc' dir='ltr'>ΙΙ</span> <span class='ocrx_word' id='word_1_368' title='bbox 2792 4521 2855 4568; x_wconf 85' lang='grc'>10</span> <span class='ocrx_word' id='word_1_369' title='bbox 2894 4515 3181 4582; x_wconf 79' lang='lat' dir='ltr'>praefoca-</span> 
     </span>
     <span class='ocr_line' id='line_1_39' title="bbox 623 4583 3179 4660; baseline -0.001 -16"><span class='ocrx_word' id='word_1_370' title='bbox 623 4589 766 4644; x_wconf 82' lang='lat' dir='ltr'>verit</span> <span class='ocrx_word' id='word_1_371' title='bbox 805 4589 934 4644; x_wconf 90' lang='lat' dir='ltr'>LH</span> <span class='ocrx_word' id='word_1_372' title='bbox 943 4591 1014 4644; x_wconf 86' lang='lat' dir='ltr'><em>M</em></span> <span class='ocrx_word' id='word_1_373' title='bbox 1021 4589 1150 4646; x_wconf 85' lang='lat' dir='ltr'>Fa:</span> <span class='ocrx_word' id='word_1_374' title='bbox 1199 4607 1300 4658; x_wconf 88' lang='lat' dir='ltr'>pro</span> <span class='ocrx_word' id='word_1_375' title='bbox 1337 4589 1612 4644; x_wconf 79' lang='lat' dir='ltr'>focauerit</span> <span class='ocrx_word' id='word_1_376' title='bbox 1645 4589 1756 4644; x_wconf 79' lang='lat' dir='ltr'>AS</span> <span class='ocrx_word' id='word_1_377' title='bbox 1811 4605 1910 4660; x_wconf 91' lang='lat' dir='ltr'>pro</span> <span class='ocrx_word' id='word_1_378' title='bbox 1952 4587 2309 4644; x_wconf 85' lang='lat' dir='ltr'>suffocauerit</span> <span class='ocrx_word' id='word_1_379' title='bbox 2342 4587 2399 4644; x_wconf 81' lang='lat' dir='ltr'><em>R</em></span> <span class='ocrx_word' id='word_1_380' title='bbox 2446 4589 2465 4658; x_wconf 84' lang='grc' dir='ltr'>ΙΙ</span> <span class='ocrx_word' id='word_1_381' title='bbox 2512 4593 2579 4640; x_wconf 90' lang='grc'>12</span> <span class='ocrx_word' id='word_1_382' title='bbox 2616 4583 2907 4640; x_wconf 84' lang='lat' dir='ltr'>euertendi</span> <span class='ocrx_word' id='word_1_383' title='bbox 2942 4585 3003 4638; x_wconf 77' lang='lat' dir='ltr'><em>F</em></span> <span class='ocrx_word' id='word_1_384' title='bbox 3046 4589 3065 4658; x_wconf 68' lang='grc' dir='ltr'>ΙΙ</span> <span class='ocrx_word' id='word_1_385' title='bbox 3112 4595 3179 4642; x_wconf 83' lang='lat'>15</span> 
     </span>
     <span class='ocr_line' id='line_1_40' title="bbox 627 4655 3179 4730; baseline 0 -16"><span class='ocrx_word' id='word_1_386' title='bbox 627 4663 766 4716; x_wconf 86' lang='lat' dir='ltr'>creti</span> <span class='ocrx_word' id='word_1_387' title='bbox 805 4661 916 4716; x_wconf 77' lang='lat' dir='ltr'>AS</span> <span class='ocrx_word' id='word_1_388' title='bbox 969 4661 1160 4718; x_wconf 80' lang='lat' dir='ltr'>cretici</span> <span class='ocrx_word' id='word_1_389' title='bbox 1199 4661 1318 4714; x_wconf 80' lang='lat' dir='ltr'>RL</span> <span class='ocrx_word' id='word_1_390' title='bbox 1367 4661 1544 4714; x_wconf 76' lang='lat' dir='ltr'>tritici</span> <span class='ocrx_word' id='word_1_391' title='bbox 1583 4661 1648 4714; x_wconf 90' lang='lat' dir='ltr'>H</span> <span class='ocrx_word' id='word_1_392' title='bbox 1699 4661 1848 4730; x_wconf 85' lang='lat' dir='ltr'>greci</span> <span class='ocrx_word' id='word_1_393' title='bbox 1887 4661 1965 4712; x_wconf 88' lang='lat' dir='ltr'><em>M</em></span> <span class='ocrx_word' id='word_1_394' title='bbox 1996 4661 2203 4730; x_wconf 85' lang='lat' dir='ltr'>(critici</span> <span class='ocrx_word' id='word_1_395' title='bbox 2236 4663 2313 4730; x_wconf 84' lang='lat' dir='ltr'>m)</span> <span class='ocrx_word' id='word_1_396' title='bbox 2338 4661 2357 4730; x_wconf 71' lang='grc'>11</span> <span class='ocrx_word' id='word_1_397' title='bbox 2392 4655 2693 4726; x_wconf 84' lang='lat' dir='ltr'>uergilium</span> <span class='ocrx_word' id='word_1_398' title='bbox 2730 4655 2795 4708; x_wconf 82' lang='lat' dir='ltr'><em>F</em></span> <span class='ocrx_word' id='word_1_399' title='bbox 2816 4657 2835 4724; x_wconf 89' lang='grc' dir='ltr'>ΙΙ</span> <span class='ocrx_word' id='word_1_400' title='bbox 2880 4661 2945 4710; x_wconf 84' lang='grc'>16</span> <span class='ocrx_word' id='word_1_401' title='bbox 2984 4657 3179 4714; x_wconf 82' lang='lat' dir='ltr'>Troia-</span> 
     </span>
     <span class='ocr_line' id='line_1_41' title="bbox 623 4727 3179 4802; baseline 0 -18"><span class='ocrx_word' id='word_1_402' title='bbox 623 4733 712 4786; x_wconf 83' lang='lat' dir='ltr'>nis</span> <span class='ocrx_word' id='word_1_403' title='bbox 747 4749 846 4788; x_wconf 66' lang='lat' dir='ltr'>ont.</span> <span class='ocrx_word' id='word_1_404' title='bbox 883 4733 940 4786; x_wconf 83' lang='lat' dir='ltr'><em>R</em></span> <span class='ocrx_word' id='word_1_405' title='bbox 979 4733 998 4802; x_wconf 88' lang='grc' dir='ltr'>ΙΙ</span> <span class='ocrx_word' id='word_1_406' title='bbox 1045 4731 1286 4802; x_wconf 85' lang='lat' dir='ltr'>laudari]</span> <span class='ocrx_word' id='word_1_407' title='bbox 1327 4747 1426 4784; x_wconf 84' lang='lat' dir='ltr'>om.</span> <span class='ocrx_word' id='word_1_408' title='bbox 1465 4733 1708 4798; x_wconf 80' lang='lat' dir='ltr'>ASMZ,</span> <span class='ocrx_word' id='word_1_409' title='bbox 1743 4731 1973 4784; x_wconf 87' lang='lat' dir='ltr'>laudare</span> <span class='ocrx_word' id='word_1_410' title='bbox 2012 4733 2075 4784; x_wconf 77' lang='lat' dir='ltr'><em>F</em></span> <span class='ocrx_word' id='word_1_411' title='bbox 2104 4732 2121 4801; x_wconf 88' lang='grc' dir='ltr'>ΙΙ</span> <span class='ocrx_word' id='word_1_412' title='bbox 2180 4731 2335 4802; x_wconf 85' lang='lat' dir='ltr'>quia]</span> <span class='ocrx_word' id='word_1_413' title='bbox 2376 4729 2529 4798; x_wconf 83' lang='lat' dir='ltr'>quod</span> <span class='ocrx_word' id='word_1_414' title='bbox 2566 4727 2615 4780; x_wconf 83' lang='lat' dir='ltr'><em>L</em></span> <span class='ocrx_word' id='word_1_415' title='bbox 2660 4727 2679 4795; x_wconf 91' lang='grc' dir='ltr'>ΙΙ</span> <span class='ocrx_word' id='word_1_416' title='bbox 2732 4733 2801 4780; x_wconf 87' lang='grc'>19</span> <span class='ocrx_word' id='word_1_417' title='bbox 2838 4727 3065 4784; x_wconf 82' lang='lat' dir='ltr'>hercula</span> <span class='ocrx_word' id='word_1_418' title='bbox 3102 4731 3179 4798; x_wconf 80' lang='lat' dir='ltr'>F,</span> 
     </span>
     <span class='ocr_line' id='line_1_42' title="bbox 623 4799 3179 4876; baseline 0 -20"><span class='ocrx_word' id='word_1_419' title='bbox 623 4819 760 4858; x_wconf 87' lang='lat' dir='ltr'>corr.</span> <span class='ocrx_word' id='word_1_420' title='bbox 783 4805 990 4860; x_wconf 69' lang='lat' dir='ltr'>Daniel</span> <span class='ocrx_word' id='word_1_421' title='bbox 1015 4807 1036 4876; x_wconf 85' lang='grc' dir='ltr'>ΙΙ</span> <span class='ocrx_word' id='word_1_422' title='bbox 1065 4803 1390 4860; x_wconf 76' lang='lat' dir='ltr'>obliteratus</span> <span class='ocrx_word' id='word_1_423' title='bbox 1431 4801 1492 4856; x_wconf 79' lang='lat' dir='ltr'>F</span> <span class='ocrx_word' id='word_1_424' title='bbox 1543 4801 1882 4872; x_wconf 79' lang='lat' dir='ltr'>oblyteratys</span> <span class='ocrx_word' id='word_1_425' title='bbox 1923 4801 1973 4856; x_wconf 76' lang='lat' dir='ltr'><strong><em>G</em></strong></span> <span class='ocrx_word' id='word_1_426' title='bbox 2000 4802 2019 4871; x_wconf 87' lang='grc' dir='ltr'>ΙΙ</span> <span class='ocrx_word' id='word_1_427' title='bbox 2050 4809 2115 4856; x_wconf 85' lang='grc'>20</span> <span class='ocrx_word' id='word_1_428' title='bbox 2154 4801 2487 4872; x_wconf 83' lang='lat' dir='ltr'>praeteritus</span> <span class='ocrx_word' id='word_1_429' title='bbox 2526 4799 2719 4852; x_wconf 73' lang='lat' dir='ltr'>seclusi</span> <span class='ocrx_word' id='word_1_430' title='bbox 2744 4799 2765 4868; x_wconf 89' lang='grc' dir='ltr'>ΙΙ</span> <span class='ocrx_word' id='word_1_431' title='bbox 2794 4803 2855 4850; x_wconf 85' lang='grc'>22</span> <span class='ocrx_word' id='word_1_432' title='bbox 2898 4799 3045 4856; x_wconf 82' lang='lat' dir='ltr'>telus</span> <span class='ocrx_word' id='word_1_433' title='bbox 3080 4801 3179 4856; x_wconf 87' lang='lat' dir='ltr'>de·</span> 
     </span>
     <span class='ocr_line' id='line_1_43' title="bbox 621 4869 3177 4944; baseline -0.002 -16"><span class='ocrx_word' id='word_1_434' title='bbox 621 4873 744 4930; x_wconf 79' lang='lat' dir='ltr'>bita</span> <span class='ocrx_word' id='word_1_435' title='bbox 777 4877 852 4940; x_wconf 81' lang='lat' dir='ltr'>F,</span> <span class='ocrx_word' id='word_1_436' title='bbox 889 4877 952 4928; x_wconf 91' lang='lat' dir='ltr'>et</span> <span class='ocrx_word' id='word_1_437' title='bbox 985 4877 1078 4932; x_wconf 70' lang='lat' dir='ltr'>cet</span> <span class='ocrx_word' id='word_1_438' title='bbox 1111 4877 1240 4930; x_wconf 80' lang='lat' dir='ltr'>add.</span> <span class='ocrx_word' id='word_1_439' title='bbox 1273 4875 1326 4928; x_wconf 74' lang='lat' dir='ltr'><em>G</em></span> <span class='ocrx_word' id='word_1_440' title='bbox 1361 4877 1380 4944; x_wconf 83' lang='grc' dir='ltr'>ΙΙ</span> <span class='ocrx_word' id='word_1_441' title='bbox 1429 4879 1492 4928; x_wconf 86' lang='grc'><strong>23</strong></span> <span class='ocrx_word' id='word_1_442' title='bbox 1535 4873 1780 4928; x_wconf 80' lang='lat' dir='ltr'>oethalia</span> <span class='ocrx_word' id='word_1_443' title='bbox 1819 4873 1876 4926; x_wconf 82' lang='lat' dir='ltr'><strong><em>F</em></strong></span> <span class='ocrx_word' id='word_1_444' title='bbox 1909 4875 1930 4942; x_wconf 91' lang='grc' dir='ltr'>ΙΙ</span> <span class='ocrx_word' id='word_1_445' title='bbox 1972 4879 2045 4928; x_wconf 81' lang='grc'><strong>24</strong></span> <span class='ocrx_word' id='word_1_446' title='bbox 2082 4875 2293 4928; x_wconf 83' lang='lat' dir='ltr'>euritus</span> <span class='ocrx_word' id='word_1_447' title='bbox 2330 4869 2585 4934; x_wconf 84' lang='lat' dir='ltr'>(euritius</span> <span class='ocrx_word' id='word_1_448' title='bbox 2624 4869 2717 4938; x_wconf 85' lang='lat' dir='ltr'>M)</span> <span class='ocrx_word' id='word_1_449' title='bbox 2756 4887 2851 4922; x_wconf 88' lang='lat' dir='ltr'>rex</span> <span class='ocrx_word' id='word_1_450' title='bbox 2892 4871 3177 4928; x_wconf 82' lang='lat' dir='ltr'>oechaliae</span> 
     </span>
     <span class='ocr_line' id='line_1_44' title="bbox 623 4939 3179 5016; baseline 0 -16"><span class='ocrx_word' id='word_1_451' title='bbox 623 4945 892 5016; x_wconf 81' lang='lat' dir='ltr'>(oecaliae</span> <span class='ocrx_word' id='word_1_452' title='bbox 933 4949 1002 5014; x_wconf 87' lang='lat' dir='ltr'>L)</span> <span class='ocrx_word' id='word_1_453' title='bbox 1043 4949 1176 5002; x_wconf 77' lang='lat' dir='ltr'>libri</span> <span class='ocrx_word' id='word_1_454' title='bbox 1213 4945 1470 5000; x_wconf 75' lang='lat' dir='ltr'>Serviani</span> <span class='ocrx_word' id='word_1_455' title='bbox 1495 4948 1512 5015; x_wconf 79' lang='grc' dir='ltr'>ΙΙ</span> <span class='ocrx_word' id='word_1_456' title='bbox 1555 4945 1724 4998; x_wconf 81' lang='grc'><strong>1010111</strong></span> <span class='ocrx_word' id='word_1_457' title='bbox 1759 4943 1870 4998; x_wconf 85' lang='lat' dir='ltr'>AS</span> <span class='ocrx_word' id='word_1_458' title='bbox 1879 4943 1991 4996; x_wconf 70' lang='lat' dir='ltr'>Fe:</span> <span class='ocrx_word' id='word_1_459' title='bbox 2032 4945 2215 4998; x_wconf 87' lang='lat' dir='ltr'>ionem</span> <span class='ocrx_word' id='word_1_460' title='bbox 2252 4941 2371 4996; x_wconf 81' lang='lat' dir='ltr'>RL</span> <span class='ocrx_word' id='word_1_461' title='bbox 2384 4943 2451 4994; x_wconf 89' lang='lat' dir='ltr'>H</span> <span class='ocrx_word' id='word_1_462' title='bbox 2456 4943 2531 4992; x_wconf 87' lang='lat' dir='ltr'><em>M</em></span> <span class='ocrx_word' id='word_1_463' title='bbox 2556 4943 2575 5008; x_wconf 73' lang='grc' dir='ltr'>[Ι</span> <span class='ocrx_word' id='word_1_464' title='bbox 2618 4945 2687 4992; x_wconf 81' lang='grc'><strong>25</strong></span> <span class='ocrx_word' id='word_1_465' title='bbox 2720 4939 2939 4994; x_wconf 87' lang='lat' dir='ltr'>herculi</span> <span class='ocrx_word' id='word_1_466' title='bbox 2974 4945 3179 5000; x_wconf 84' lang='lat' dir='ltr'>uictori</span> 
     </span>
     <span class='ocr_line' id='line_1_45' title="bbox 625 5009 3177 5087; baseline -0.001 -14"><span class='ocrx_word' id='word_1_467' title='bbox 625 5015 930 5072; x_wconf 85' lang='lat' dir='ltr'>certamine</span> <span class='ocrx_word' id='word_1_468' title='bbox 967 5019 1306 5086; x_wconf 81' lang='lat' dir='ltr'>sagittarum</span> <span class='ocrx_word' id='word_1_469' title='bbox 1343 5015 1650 5084; x_wconf 69' lang='lat' dir='ltr'>deneg-anit</span> <span class='ocrx_word' id='word_1_470' title='bbox 1687 5015 1744 5068; x_wconf 77' lang='lat' dir='ltr'><strong><em>F</em></strong></span> <span class='ocrx_word' id='word_1_471' title='bbox 1777 5018 1796 5087; x_wconf 81' lang='grc' dir='ltr'>ΙΙ</span> <span class='ocrx_word' id='word_1_472' title='bbox 1831 5013 1961 5068; x_wconf 81' lang='lat' dir='ltr'>ideo</span> <span class='ocrx_word' id='word_1_473' title='bbox 1998 5021 2051 5070; x_wconf 81' lang='lat' dir='ltr'>et</span> <span class='ocrx_word' id='word_1_474' title='bbox 2084 5015 2269 5070; x_wconf 83' lang='lat' dir='ltr'>fuerat</span> <span class='ocrx_word' id='word_1_475' title='bbox 2306 5029 2407 5066; x_wconf 82' lang='lat' dir='ltr'>em.</span> <span class='ocrx_word' id='word_1_476' title='bbox 2444 5009 2499 5064; x_wconf 85' lang='lat' dir='ltr'><em>R</em></span> <span class='ocrx_word' id='word_1_477' title='bbox 2538 5013 2555 5080; x_wconf 75' lang='grc' dir='ltr'>ΙΙ</span> <span class='ocrx_word' id='word_1_478' title='bbox 2600 5015 2669 5066; x_wconf 87' lang='grc'><strong>26</strong></span> <span class='ocrx_word' id='word_1_479' title='bbox 2704 5027 2989 5082; x_wconf 70' lang='lat' dir='ltr'>megel-am</span> <span class='ocrx_word' id='word_1_480' title='bbox 3028 5015 3177 5084; x_wconf 76' lang='lat' dir='ltr'>libri,</span> 
     </span>
    </p>
   </div>
   <div class='ocr_carea' id='block_1_7' title="bbox 621 5087 1816 5158">
    <p class='ocr_par' dir='ltr' id='par_1_10' title="bbox 621 5087 1816 5158">
     <span class='ocr_line' id='line_1_46' title="bbox 621 5087 1816 5158; baseline -0.005 -12"><span class='ocrx_word' id='word_1_481' title='bbox 621 5091 838 5148; x_wconf 78' lang='lat' dir='ltr'>correxi</span> <span class='ocrx_word' id='word_1_482' title='bbox 877 5089 896 5158; x_wconf 87' lang='grc' dir='ltr'>ΙΙ</span> <span class='ocrx_word' id='word_1_483' title='bbox 943 5093 1010 5142; x_wconf 82' lang='grc'><strong>28</strong></span> <span class='ocrx_word' id='word_1_484' title='bbox 1047 5089 1324 5142; x_wconf 84' lang='lat' dir='ltr'>instructu</span> <span class='ocrx_word' id='word_1_485' title='bbox 1357 5087 1412 5138; x_wconf 89' lang='lat' dir='ltr'><em>L</em></span> <span class='ocrx_word' id='word_1_486' title='bbox 1449 5087 1738 5154; x_wconf 85' lang='lat' dir='ltr'>(instinctu</span> <span class='ocrx_word' id='word_1_487' title='bbox 1777 5091 1816 5156; x_wconf 81' lang='lat' dir='ltr'>l)</span> 
     </span>
    </p>
   </div>
  </div>
 </body>
</html>
