3900 5784
1305 633 1530 690 COMM.
1569 633 1650 686 IN
1691 631 1902 688 VERG.
1939 633 2111 688 AEN.
2150 633 2281 686 VIII
2314 639 2617 688 276—285.
3092 627 3221 692 237

659 801 804 882 quis
849 795 1190 862 Herculem
1253 797 1326 862 ad
1379 797 1642 864 Italiam
1693 795 1926 882 ingens
1984 797 2275 882 ligneum
2328 799 2635 882 poculum
2690 793 3031 874 adtulisse,
3094 813 3221 876 quo

657 907 1008 970 utebantur
1051 903 1120 968 in
1165 903 1384 970 sacris,
1477 905 1648 990 quod
1691 927 1776 968 ne
1821 903 1993 968 carie
2038 895 2525 968 consumeretur
2574 907 2719 988 pice
2764 901 3041 966 oblitum
3092 921 3224 966 ser-

657 1013 960 1092 vabatur,
1021 1011 1196 1074 cuius
1257 1011 1770 1098 magnitudinem
1825 1017 1886 1074 et
1923 1011 2281 1094 reiiyioneon
2324 1011 2515 1076 simul
2570 1011 2899 1096 significat
2954 1007 3223 1074 dicendo

657 1117 978 1202 ‘implevit
1025 1117 1314 1182 dextram
1365 1139 1536 1184 sacer
1581 1117 1910 1200 scyphus'.
1988 1117 2205 1200 scypho
2242 1121 2499 1200 praetor
2532 1117 2605 1180 in
2640 1137 2805 1182 anno
2854 1115 3031 1182 semel
3076 1117 3223 1180 vino

657 1225 912 1308 libabat,
955 1245 1148 1306 neque
1187 1225 1300 1290 hoe
1343 1229 1476 1290 sine
1517 1245 1698 1290 saera
1745 1225 1987 1308 fiebant.
2046 1245 2383 1306 possamus
2424 1229 2485 1288 et
2526 1223 2689 1288 illud
2722 1225 3019 1308 accipere,
3060 1227 3227 1306 qnod
3262 1237 3289 1284 5

653 1333 814 1394 inter
877 1353 1138 1398 munera
1197 1335 1450 1398 deorum
1515 1333 1700 1394 etiam
1755 1333 1985 1412 pocula
2036 1335 2209 1396 sant:
2278 1329 2619 1396 Sallustius
2678 1329 3083 1394 historiarum
3136 1353 3223 1394 sc·-

655 1437 850 1502 cando
901 1441 1172 1520 pecata
1227 1445 1292 1506 et
1347 1439 1548 1504 azias
1605 1423 1722 1500 res
1773 1455 2069 1518 aureaS,
2130 1437 2279 1502 diis
2334 1441 2641 1500 sacrata
2692 1437 3223 1518 instrumenta,

657 1545 696 1624 ἦ·
723 1547 1026 1612 convivo
1069 1535 1512 1614 mercantur.

833 1653 980 1718 279.
1053 1679 1126 1720 IN
1161 1679 1412 1720 MENSAM
1451 1677 1636 1716 LAETI
1671 1675 1894 1716 LJBANT
1941 1649 2051 1716 hoc
2108 1655 2193 1716 est
2238 1649 2407 1716 ‘date
2450 1653 2603 1716 vina
2644 1647 2955 1716 volentes'.
3042 1671 3223 1732 qnae-

655 1759 822 1824 ritar
867 1781 1038 1842 sane,
1085 1781 1194 1824 car
1241 1761 1310 1822 in
1359 1777 1632 1822 mensam
1677 1761 1740 1820 et
1767 1777 1894 1822 non
1937 1757 2011 1822 in
2054 1779 2239 1822 aram
2284 1757 2653 1824 libaverint?
2700 1759 2807 1824 sed
2848 1759 3019 1840 apud
3060 1761 3223 1822 anti·
3262 1773 3331 1818 10

653 1887 804 1948 qnos
837 1867 1002 1930 inter
1035 1885 1326 1932 vasorum
1365 1863 1784 1946 supeltectilem
1823 1863 2011 1928 etiam
2046 1885 2323 1930 mensam
2362 1887 2499 1930 enni
2532 1867 2667 1930 aris
2706 1885 2839 1930 mos
2866 1869 3001 1930 erat
3022 1885 3223 1930 consc-

657 1973 826 2036 erari
869 1995 990 2054 qao
1033 1973 1132 2038 dic
1173 1973 1466 2056 temptam
1521 1971 2017 2036 consecrabatur:
2070 1973 2233 2038 ande
2284 1973 2425 2038 bene
2476 1973 2563 2038 ait
2610 1971 2711 2038 ‘in
2754 1993 3029 2038 inensam
3078 1973 3225 2038 tacti

657 2079 902 2166 libant'‚
945 2063 1136 2162 quani
1179 2079 1498 2144 constabat
1535 2099 1674 2142 cnm
1723 2101 1840 2144 ara
1883 2079 2165 2146 inanima
2202 2081 2571 2162 dedicatam,
2616 2085 2689 2144 nt
2724 2079 2875 2146 alibi
2910 2079 3019 2164 <II
3050 2081 3223 2164 764>

653 2207 1086 2270 mensaeque
1129 2187 1438 2252 deornm.
2868 2197 2873 2202 ’

837 2295 986 2358 280.
1055 2311 1336 2358 Dnvnxo
1385 2309 1664 2358 OLYMPO
1721 2293 2033 2358 inclinato
2082 2295 2149 2358 in
2196 2295 2455 2358 noctem
2502 2295 2701 2358 caelo.
3260 2307 3327 2352 15

833 2401 984 2466 282.
1053 2391 1396 2466 PELLIBVS
1445 2391 1518 2464 ΙΝ
1563 2415 1816 2464 MOREM
1867 2415 2103 2464 CINOTI
2146 2403 2263 2462 aut
2308 2397 2379 2460 in
2424 2421 2675 2462 morem
2724 2397 3049 2464 Herculis:
3108 2405 3223 2466 aut

657 2513 826 2574 certe
875 2507 1306 2574 sacerdotum:
1353 2513 1470 2574 ant
1501 2505 1598 2572 ‘ea
1629 2503 1840 2586 more’,
1881 2507 2033 2590 qnia
2064 2505 2239 2592 Pan,
2282 2507 2431 2570 deas
2458 2505 2795 2588 Arcadiae,
2832 2507 3089 2588 pellitus
3122 2509 3223 2594 sit,

655 2617 816 2680 aride
861 2615 1180 2682 Euander.

837 2723 986 2788 283.
1055 2739 1146 2786 ΕΤ
1185 2739 1466 2786 MENSAE
1503 2737 1740 2786 cRA‘rA
1777 2737 2143 2786 SECVNDAE
2182 2737 2379 2784 DONA
2414 2737 2699 2786 FERVNT
2738 2721 2905 2802 quia,
2956 2723 3025 2784 ut
3066 2721 3223 2784 dixi-

655 2853 800 2895 mus
863 2829 1156 2914 <1216>
1217 2851 1344 2894 una
1403 2829 1618 2894 carnis
1677 2829 1920 2912 fuerat,
1988 2829 2193 2892 altera
2256 2847 2637 2910 pomorum,
2714 2847 2959 2892 mensae
3014 2831 3223 2892 anteon
3258 2839 3331 2886 20

653 2939 952 3002 secandae
995 2937 1036 3018 †
1057 2957 1214 3018 qaae
1255 2941 1404 3000 sant
1439 2935 1730 3018 alioquin
1765 2939 2001 3018 yratae.

835 3043 984 3108 284.
1043 3059 1566 3120 OVMVLANTQVE
1589 3057 1936 3108 ONERATIS
1960 3057 2305 3106 LAncmvs
2326 3057 2499 3104 ARAS
2528 3039 2593 3104 id
2624 3045 2727 3106 est
2750 3039 3025 3104 reddunt
3056 3043 3223 3104 exta.

837 3149 988 3216 285.
1059 3167 1244 3216 SALII
1287 3151 1438 3216 salii
1481 3153 1650 3234 sunt,
1699 3147 1808 3234 qui
1855 3147 2285 3232 tripudiantes
2328 3169 2473 3212 aras
2510 3147 2961 3212 circumibant.
3032 3147 3221 3212 satta-

799 3383 832 3432 5
873 3379 1192 3452 Sallustius]
1233 3379 1362 3432 hist.
1397 3379 1506 3434 inc.
1545 3383 1614 3432 88
1649 3377 1896 3432 Dietsch.
1935 3383 2005 3432 56
2044 3375 2215 3434 Kritz.
2242 3379 2263 3446 ΙΙ
2292 3383 2325 3432 9
2364 3375 2653 3446 quaeritur
2690 3393 2821 3432 sane
2858 3393 2905 3432 e.
2948 3393 2995 3444 q.
3038 3377 3105 3448 8.]
3146 3377 3219 3432 cf.

655 3447 900 3504 Macrob.
945 3449 1060 3504 Sat.
1101 3451 1176 3504 III
1219 3457 1302 3516 12,
1343 3455 1374 3504 5
1403 3467 1520 3518 sqq.

801 3669 834 3716 2
871 3663 1136 3718 utebatur
1163 3663 1272 3716 AS
1281 3663 1340 3716 R
1365 3667 1416 3716 et
1443 3663 1866 3732 mythoqi·aphns
1891 3663 1912 3732 ΙΙ
1939 3659 2187 3732 necarie]
2224 3661 2437 3716 nefarie
2468 3661 2531 3716 F
2554 3665 2573 3732 ss
2598 3667 2629 3714 3
2670 3661 2907 3716 dicendo
2938 3677 3035 3716 om.
3070 3661 3179 3714 AS
3202 3662 3221 3732 ΙΙ

651 3741 690 3788 4
729 3735 900 3802 sepho
931 3735 1004 3788 F.
1061 3735 1292 3802 fortasse
1333 3733 1540 3804 scypho
1581 3733 1704 3786 hoc.
1769 3739 1999 3788 ceterum
2038 3733 2237 3788 scholio
2274 3735 2421 3804 qnod
2458 3735 2745 3802 exscripsit
2774 3735 3045 3804 plenioris
3082 3749 3219 3788 eom-

655 3807 918 3860 mentarii
955 3811 1144 3860 auctor
1183 3821 1282 3860 cnr
1317 3821 1472 3860 sacer
1503 3805 1688 3858 dietas
1725 3809 1854 3858 esset
1885 3805 2123 3874 scyphus
2158 3807 2465 3874 eapositnm
2498 3811 2617 3860 erat
2644 3807 2665 3876 ΙΙ
2704 3809 2931 3874 praeter
2966 3805 3043 3870 F,
3078 3821 3217 3860 corr.

651 3877 876 3930 Daniel.
915 3877 986 3942 cf.
1025 3875 1234 3930 Preller
1267 3875 1458 3930 Roem.
1497 3875 1734 3942 Mythol.
1765 3891 1826 3942 p.
1865 3879 1969 3928 651
1998 3891 2077 3942 sq.
2112 3876 2131 3942 ΙΙ
2172 3875 2307 3930 bino
2344 3875 2407 3928 F
2438 3879 2457 3944 Ι]
2500 3881 2533 3928 5
2574 3873 2781 3930 1ibauit
2818 3875 2891 3942 F,
2932 3891 3067 3930 corr.
3096 3875 3217 3930 Da-

653 3947 766 4000 niel
793 3949 812 4016 ΙΙ
839 3961 1104 4014 posumus
1143 3945 1208 3998 F
1227 3947 1246 4015 ΙΙ
1285 3953 1318 3998 6
1353 3945 1714 4000 historiarum
1749 3945 1991 3998 secundo
2032 3945 2103 4000 F.
2142 3945 2467 4002 Schoelliusz
2504 3947 2593 4002 his
2632 3947 2763 4000 sunt
2802 3947 3103 4002 secundum
3142 3947 3217 4012 F,

657 4017 738 4070 hii
777 4021 908 4070 sunt
947 4017 1246 4072 secundum
1283 4017 1494 4072 Daniel
1557 4017 1614 4070 hi
1651 4017 1782 4070 eunt
1821 4015 1914 4084 qui
1954 4017 2255 4070 secundum
2298 4017 2611 4074 Masvicius
2666 4017 2725 4072 hi
2770 4019 2899 4072 sunt
2950 4019 3045 4086 qui
3096 4019 3215 4072 sine

653 4087 992 4144 verecundia
1037 4087 1354 4142 Dietschius
1395 4089 1416 4158 ΙΙ
1471 4093 1500 4142 8
1561 4087 1822 4158 convivo]
1885 4105 2011 4142 cum
2076 4087 2209 4158 pino
2262 4089 2623 4144 Oommelinns
2690 4089 2947 4144 convivio
3002 4089 3215 4146 Masvi-

657 4161 804 4228 cias,
855 4165 1170 4228 receperunt
1215 4161 1472 4214 Kritzius
1515 4165 1566 4212 et
1609 4159 1942 4214 Dietsehins.
2014 4161 2203 4214 ‘enaiim
2236 4161 2315 4212 ad
2350 4161 2611 4216 convivia
2668 4161 2685 4230 fl
2728 4167 2857 4230 post
2894 4165 3215 4216 mereantur

657 4233 912 4286 lacunam
951 4231 1222 4286 indicavit
1247 4231 1470 4284 Daniel.
1529 4233 1846 4284 mercantur
1875 4233 2053 4284 edidit
2082 4229 2455 4286 Oommelinus,
2512 4233 2655 4286 idem
2686 4233 2913 4286 coniecit
2938 4233 3211 4298 Kritzi‘as,

657 4301 856 4368 recepit
879 4301 1212 4368 Dietsch-ins‘,
1255 4307 1396 4356 recte
1423 4309 1484 4356 nt
1509 4303 1732 4368 opinor.-
1767 4319 2097 4372 quamquam
2134 4303 2345 4356 ineerta
2380 4309 2455 4356 est
2488 4303 2685 4358 horam
2718 4305 3003 4360 verborum
3040 4323 3207 4360 emen-

659 4375 814 4428 datio
821 4413 840 4440 ,
891 4389 1012 4428 cam
1067 4375 1344 4428 nesciatur
1395 4375 1732 4442 inteymmne
1777 4373 2039 4428 Sallustii
2084 4377 2405 4428 sententiam
2458 4375 2725 4444 interpres
2776 4377 3133 4446 exscripserit.
3186 4375 3207 4446 Η

659 4451 694 4498 9
743 4463 898 4498 naum
937 4463 1142 4500 omum
1185 4443 1242 4498 F
1281 4447 1304 4512 [Ι
1355 4447 1432 4500 ad
1465 4463 1508 4500 υ.
1553 4449 1654 4498 279
1695 4445 1754 4498 in
1783 4461 1961 4514 marg.
2008 4445 2299 4512 quaeritur
2342 4463 2439 4500 eur
2482 4445 2545 4500 in
2578 4463 2775 4500 mensa
2808 4447 3111 4500 libauerint
3150 4453 3205 4500 et

661 4533 770 4570 non
811 4515 878 4568 ad
919 4533 1088 4572 aram.
1161 4515 1254 4570 sed
1297 4515 1448 4584 apud
1483 4515 1742 4584 antiquos
1783 4557 1794 4568 .
1827 4557 1836 4568 .
1869 4557 1880 4568 .
1923 4515 2239 4572 dedicatam
2286 4517 2335 4570 T
2372 4521 2391 4584 ΙΙ
2448 4523 2513 4572 10
2554 4535 2709 4572 arum
2748 4517 2813 4572 F
2848 4521 2869 4586 ΙΙ
2926 4523 3061 4586 aput
3094 4519 3159 4570 F
3190 4519 3207 4588 l!

665 4593 728 4638 11
769 4587 1158 4656 supplectilem
1195 4585 1254 4640 F
1277 4587 1298 4656 ΙΙ
1327 4605 1450 4642 cum
1487 4587 1598 4642 aris
1635 4603 1734 4640 om.
1773 4587 1862 4654 Til
1893 4593 1961 4640 12
1998 4587 2415 4642 consecrabitur
2448 4587 2509 4642 F
2532 4591 2551 4658 ΙΙ
2578 4589 2713 4642 laeti
2750 4605 2845 4642 om.
2886 4589 2935 4640 T
2956 4591 2977 4658 ΙΙ
3010 4595 3071 4644 13
3110 4587 3205 4644 de-

661 4659 850 4710 dicata
877 4659 942 4712 F
961 4661 980 4730 fl
1009 4665 1076 4712 16
1113 4661 1214 4712 aut
1247 4659 1398 4712 certe
1441 4657 1736 4714 secundum
1773 4663 1906 4710 noffi
1941 4659 2175 4726 (morem
2202 4659 2431 4728 Daniel)
2470 4661 2825 4714 sacerdotum
2852 4659 2917 4710 F
2936 4663 2953 4728 ΙΙ
2984 4667 3049 4716 17
3086 4660 3205 4728 pel-

659 4727 794 4782 litus
833 4731 1054 4800 scripsi:
1093 4731 1308 4800 pellens
1343 4731 1418 4786 F.
1467 4731 1648 4800 possis
1685 4735 1730 4782 et
1767 4729 1916 4796 pelle
1954 4731 2039 4782 uti
2074 4731 2217 4784 solet
2252 4731 2335 4782 vel
2368 4731 2517 4796 pelle
2556 4731 2793 4782 uestiuu·
2828 4729 2845 4798 ΙΙ
2894 4737 2955 4782 19
2998 4731 3111 4784 dixi
3152 4731 3209 4784 F

661 4797 898 4854 diximus
939 4819 1104 4872 supra
1131 4803 1296 4870 vniqo
1323 4803 1340 4872 ss
1367 4809 1438 4856 20
1475 4801 1722 4856 carnium
1749 4797 1806 4854 R
1831 4801 1848 4870 ss
1875 4803 1953 4854 ad
1988 4819 2257 4856 sucvunffl
2296 4817 2443 4868 supr.
2470 4815 2603 4854 vers,
2646 4817 2943 4870 prosperae
2980 4805 3047 4856 ut
3082 4803 3205 4870 qui-

661 4869 792 4924 dam
837 4871 1176 4942 intellegunt
1215 4871 1266 4926 T
1297 4875 1314 4942 ΙΙ
1357 4891 1582 4928 mensae
1625 4875 1814 4926 autem
1857 4873 2135 4926 secundae
2180 4889 2323 4926 uvae
2372 4873 2503 4926 sunt
2554 4869 2843 4938 olivaeque
2900 4877 3091 4942 gratae
3132 4873 3201 4928 F.

661 4941 956 4998 Schoellius
991 4945 1218 5000 coniecit
1241 4946 1262 5015 ΙΙ
1299 4951 1364 4998 23
1407 4943 1504 5000 alii
1543 4947 1672 4998 sunt
1699 4941 1758 4996 F
1783 4945 1800 5012 ΙΙ
1839 4943 1916 4996 ad
1949 4959 1997 4996 v.
2040 4949 2141 4998 285
2178 4945 2241 4998 in
2278 4959 2445 5010 mai-9.
2488 4941 2633 4994 Tum
2672 4941 2797 4996 salii
2830 4961 3009 5012 genus
3046 4943 3203 4998 mini-

661 5015 898 5068 strorum
945 5017 1068 5070 erat
1113 5033 1252 5084 quos
1303 5031 1336 5070 a
1371 5017 1518 5070 saltu
1567 5015 1796 5082 quidam
1839 5013 2157 5082 appellatos
2202 5013 2411 5064 dicunt.
2484 5013 2773 5066 saltabant
2816 5017 3007 5068 autem
3052 5031 3205 5070 more

661 5085 838 5142 ueteri
883 5087 1086 5140 arma-‚iti
1125 5129 1136 5140 .
1181 5129 1192 5142 .
1231 5127 1244 5140 .
1287 5089 1516 5142 ultimus
1553 5085 1664 5140 fuit
1701 5085 1752 5140 T
2138 5093 2143 5098 ’
