3900 5784
739 641 868 708 104
895 619 898 622 ’
1893 641 2131 696 snavn

737 805 994 868 eadem
1049 803 1406 886 sequitur
1453 807 1736 882 tellure
1787 807 2167 890 repostos,
2254 803 2417 866 bene
2462 807 2681 866 autem
2726 801 3067 888 ‘miseris’‚
3128 827 3293 888 quae

737 911 936 974 etiam
979 913 1132 994 post
1183 929 1410 992 corpus
1459 911 1738 974 habeant
1789 911 2075 992 corporis
2122 909 2373 974 sordes:
2436 909 2599 974 unde
2658 911 2757 974 est
2802 909 2949 976 ‘nec
2994 911 3289 974 funditus

735 1037 964 1082 omnes
1009 1037 1354 1100 corporeae
1405 1019 1720 1082 excedunt
1765 1013 2035 1100 pestes'.

919 1125 1066 1190 738.
1133 1141 1258 1186 Dlv
1309 1139 1674 1188 CONORETA
1717 1121 2079 1188 ‘concreta'
2126 1123 2467 1188 coniuncta
2516 1127 2579 1188 et
2624 1125 3097 1208 conglutinata.

641 1241 700 1290 ·5
737 1247 1168 1296 INOLESOERE
1217 1251 1646 1310 concrescere,
1693 1233 1764 1292 ut
1813 1229 2109 1314 udoque
2160 1231 2435 1294 docent
2478 1229 2911 1296 inolescere
2956 1231 3185 1296 libro.

917 1337 1064 1400 739.
1133 1353 1322 1402 ERGO
1375 1353 1830 1400 EXERGENTVR
1881 1353 2123 1400 POENIS
2186 1337 2333 1420 quia
2390 1337 2685 1418 deposito
2742 1359 3011 1420 corpore
3068 1337 3287 1400 sordes

737 1439 1102 1526 supersunt.
1195 1463 1434 1526 poenas
1479 1445 1700 1504 autem
1743 1463 1872 1506 non
1923 1441 2249 1524 perferunt
2300 1441 2577 1526 animae,
2640 1441 2749 1506 sed
2808 1441 2997 1508 illius.
3032 1445 3287 1508 coniun-

735 1547 970 1612 ctionis
1015 1547 1354 1634 reliquiae,
1405 1569 1570 1634 quae
1613 1547 1738 1610 fuit
1785 1547 1957 1610 inter
2002 1549 2289 1614 animam
2340 1551 2407 1610 et
2450 1571 2705 1632 corpus:
2768 1571 2919 1612 nam
2962 1549 3113 1614 licet
3160 1549 3291 1612 ista

733 1655 862 1718 duo
909 1677 1024 1740 per
1075 1677 1138 1718 se
1189 1677 1432 1740 poenas
1477 1653 1758 1742 perferre
1807 1675 1942 1718 non
1992 1657 2275 1742 possint,
2330 1655 2527 1720 homo
2582 1659 2803 1718 tamen
2852 1655 3123 1738 perfert,
3178 1655 3291 1740 qui

631 1775 702 1824 10
739 1763 818 1826 de
861 1763 966 1828 his
1011 1763 1264 1828 duobus
1315 1767 1412 1828 est
1459 1763 1690 1828 factus,

625 2307 696 2354 15

871 1881 874 1884 ’
915 1871 1062 1934 740.
1135 1887 1498 1960 svrPLIOIA
1545 1889 1957 1934 EXPENDVNT
2012 1871 2157 1934 ideo
2216 1873 2419 1954 agunt
2466 1871 2811 1954 supplicia,
2860 1891 2993 1934 non
3040 1871 3111 1934 ut
3158 1869 3289 1934 ani-

733 1997 872 2040 mas
921 1969 1224 2060 puniant,
1269 1975 1374 2040 sed
1427 1979 1498 2040 ut
1543 1997 1650 2040 eas
1699 1979 1983 2060 peccatis
2032 1981 2273 2040 exuant
2320 1977 2631 2062 pristinis,

915 2081 1062 2146 741.
1135 2099 1348 2144 ΑΜΑΕ
1381 2099 1806 2146 PANDVNTVR
1843 2099 2093 2148 INANEs
2132 2099 2519 2148 svsPENSAE
2558 2099 2651 2144 AD
2690 2099 2957 2146 VENros
3004 2081 3293 2164 loquitur

733 2187 992 2270 quidem
1063 2187 1312 2270 poetice
1375 2187 1454 2250 de
1513 2185 1904 2272 purgatione
1974 2189 2361 2270 animarum,
2428 2189 2639 2272 tangit
2702 2191 2923 2252 tamen
2984 2189 3161 2272 quod
3222 2193 3291 2252 et

733 2291 1106 2378 philosophi
1161 2293 1394 2358 dicunt.
1487 2317 1636 2360 nam
1697 2295 1936 2378 triplex
1988 2297 2089 2360 est
2142 2295 2351 2360 omnis
2414 2293 2733 2378 purgatio.
2828 2297 2941 2358 aut
2964 2337 2967 2342 -
2992 2295 3169 2358 enim
3220 2295 3293 2358 in

731 2403 906 2462 terra
953 2405 1316 2486 purgantur
1361 2421 1524 2484 quae
1573 2403 1762 2466 nimis
1813 2423 2161 2484 oppressae
2210 2399 2507 2466 sordibus
2554 2399 2819 2484 fuerint,
2866 2399 3119 2462 deditae
3170 2399 3289 2464 sci-

731 2507 882 2570 licet
931 2507 1370 2590 corporalibus
1419 2507 1906 2590 blandimentiS,
1956 2507 2021 2570 id
2062 2511 2159 2570 est
2206 2507 2549 2570 transeunt
2588 2505 2661 2568 in
2698 2493 2969 2588 corpora
3006 2507 3291 2570 terrena:

733 2615 798 2678 et
843 2613 968 2678 hae
1001 2613 1140 2698 igni
1183 2613 1482 2678 dicuntur
1517 2615 1810 2700 purgari3
1857 2613 2029 2698 ignis
2080 2615 2247 2678 enim
2300 2637 2375 2678 ex
2422 2615 2593 2678 terra
2628 2615 2727 2678 est
2768 2635 2895 2696 quo
2936 2619 3289 2678 exuruntur

733 2721 980 2804 omnia,
1037 2743 1190 2786 nam
1247 2723 1544 2786 caelestis
1601 2721 1764 2786 nihil
1825 2721 2097 2804 perurit:
2154 2723 2267 2786 aut
2324 2721 2385 2784 in
2448 2741 2637 2804 aqua,
2694 2717 2759 2782 id
2808 2723 2909 2784 est
2950 2723 3289 2784 transeunt

625 2839 698 2888 20
737 2825 806 2890 in
871 2849 1140 2912 corpora
1207 2829 1484 2912 marina,
1549 2829 1606 2892 si
1669 2827 1866 2912 paulo
1935 2829 2167 2892 melius
2230 2825 2541 2892 vixerint:
2606 2829 2717 2890 aut
2774 2831 2945 2890 certe
2998 2827 3071 2890 in
3124 2831 3291 2910 aere,

625 3371 696 3420 25

733 2933 1126 2998 transeundo
1191 2934 1440 3000 scilicet
1483 2933 1552 2996 in
1599 2935 1772 2998 aeria
1831 2955 2123 3018 corpora,
2186 2935 2237 2998 si
2298 2935 2453 2998 satis
2508 2933 2671 2996 bene
2724 2933 3025 2998 vixerint.
3116 2933 3289 3018 quod

733 3041 802 3104 in
853 3037 1060 3104 Statio
1123 3041 1432 3126 legimus„
1495 3041 1612 3105 ubi
1669 3041 1744 3104 de
1801 3041 2087 3122 auguriis
2138 3043 2399 3106 tractat.
2486 3041 2655 3104 unde
2710 3041 2909 3104 etiam
2960 3039 3029 3104 in
3086 3041 3287 3104 sacris

735 3145 1036 3212 omnibus
1103 3149 1236 3212 tres
1303 3149 1456 3210 sunt
1511 3145 1678 3210 istae
1741 3147 2195 3230 purgationes:
2252 3169 2409 3210 nam
2470 3149 2581 3210 aut
2636 3145 2829 3210 taeda
2880 3149 3169 3230 purgant
3222 3149 3289 3210 et

735 3251 1072 3338 sulphure,
1117 3258 1234 3317 aut
1275 3275 1446 3338 aqua
1491 3253 1790 3334 abluunt,
1843 3255 1955 3318 aut
1992 3257 2135 3316 aere
2174 3253 2515 3338 ventilant,
2566 3251 2735 3338 quod
2786 3255 2925 3316 erat
2968 3253 3039 3316 in
3084 3253 3287 3318 sacris

737 3359 988 3422 Liberi:
1029 3359 1156 3424 hoc
1189 3363 1286 3424 est
1317 3359 1486 3424 enim
1523 3359 1826 3444 tibique
1861 3359 2139 3424 oscilla
2180 3381 2261 3422 ex
2304 3359 2465 3422 alta
2500 3359 2979 3444 suspendunt
3014 3359 3287 3424 mollia

731 3467 944 3548 pinu3
989 3489 1138 3530 nam
1179 3487 1384 3550 genus
1425 3469 1568 3530 erat
1605 3465 2027 3550 purgationis·
2104 3469 2171 3530 et
2208 3467 2273 3530 in
2312 3467 2471 3548 ipsis
2506 3465 3005 3552 purgationibus
3044 3467 3307 3558 bonum⁴

875 3645 906 3692 5
945 3657 1266 3692 monscens-
1315 3639 1692 3708 concrescere]
1745 3639 1814 3692 cf.
1855 3637 1985 3692 lsid.
2022 3637 2135 3692 diff.
2178 3639 2329 3694 verb.
2364 3645 2437 3692 24
2488 3641 2505 3708 ΙΙ
2560 3639 2807 3710 udoque]
2844 3653 3035 3708 georg.
3074 3641 3121 3692 ΙΙ
3164 3647 3227 3694 77

735 3715 796 3764 13
841 3711 1090 3778 loquitur
1133 3713 1362 3778 quidem
1397 3725 1448 3764 e.
1485 3727 1536 3776 q.
1579 3709 1644 3780 8.]
1699 3719 1862 3764 exscr‘.
1899 3707 2183 3778 mythogr.
2222 3709 2301 3762 111
2340 3715 2385 3778 6,
2432 3713 2507 3764 18.
2570 3709 2633 3764 cf.
2678 3725 2871 3764 comm.
2914 3711 3047 3764 Lu0.
3082 3709 3161 3764 IX
3198 3717 3227 3764 9
3266 3639 3287 3782 ll

733 3785 798 3836 25
837 3781 1080 3854 tibique]
1121 3797 1308 3852 georg.
1349 3781 1400 3836 II
1441 3785 1542 3836 388

877 3948 902 3997 1
947 3943 1114 4014 quae]
1151 3959 1258 4010 que
1297 3943 1368 3996 H
1411 3941 1510 4010 qui
1549 3941 1624 3994 M
1647 3943 1726 4010 112
1763 3941 1979 4014 sordes]
2018 3941 2225 3994 damna
2258 3941 2375 3996 FO
2396 3943 2415 4012 ΙΙ
2458 3947 2487 3996 3
2526 3941 2769 4010 corporis
2806 3941 2861 3996 R
2898 3941 2951 4010 (t
2982 3959 3113 4012 corp
3118 3959 3283 3998 oreae

731 4029 882 4080 supr.
919 4025 1054 4068 vere.
1093 4017 1144 4082 r)
1201 4031 1396 4082 corpos
1435 4013 1504 4066 H
1523 4013 1540 4082 ΙΙ
1573 4019 1606 4066 4
1639 4013 1924 4094 concreta]
1968 4015 2159 4066 contra
2198 4013 2273 4070 Η,
2312 4031 2409 4066 om
2446 4013 2517 4066 Μ
2524 4011 2639 4066 FO
2662 4015 2681 4082 ΙΙ
2720 4019 2751 4068 5
2792 4031 3151 4068 mnomscmm
3192 4012 3293 4136 ΟΜΗ

733 4099 982 4138 crescere
1015 4087 1174 4154 vulyo
1223 4087 1240 4156 ss
1285 4091 1318 4138 '7
1357 4085 1492 4154 non]
1531 4085 1760 4136 minime
1799 4085 2111 4158 Stephanae
2144 4089 2199 4136 et
2232 4083 2445 4138 Daniel
2486 4085 2501 4154 ΙΙ
2558 4091 2591 4138 8
2624 4085 2841 4154 relique
2876 4083 2943 4136 F
2978 4085 2997 4154 ΙΙ
3048 4085 3179 4138 sunt

733 4155 862 4224 (fuit
899 4157 1018 4210 ead.
1055 4173 1204 4210 man.
1241 4157 1304 4210 in
1341 4157 1534 4226 marg.)
1593 4157 1612 4226 ΙΙ
1669 4160 1732 4209 11
1771 4153 1920 4218 ideo]
1962 4153 2021 4208 id
2062 4155 2133 4208 M
2144 4155 2193 4208 G
2240 4155 2301 4208 id
2340 4155 2513 4208 SFG
2570 4156 2587 4227 ΙΙ
2642 4161 2709 4208 14
2750 4153 2941 4236 tangit
2984 4157 3177 4208 autem
3208 4155 3291 4208 Μ

733 4229 942 4308 (autem
979 4229 1080 4280 del.
1119 4233 1166 4280 et
1205 4231 1394 4282 tamen
1431 4243 1608 4294 supra
1639 4241 1742 4280 scr.
1779 4227 1858 4294 m)
1891 4227 1910 4296 ΙΙ
1960 4229 2021 4278 15
2062 4225 2211 4280 enim
2244 4241 2345 4280 om.
2374 4227 2439 4280 B
2448 4225 2491 4280 0
2520 4227 2541 4296 ΙΙ
2586 4233 2647 4280 16
2688 4223 2877 4294 nimis]
2918 4225 3069 4278 enim
3102 4223 3191 4278 his
3228 4225 3291 4278 F

733 4313 828 4350 enl
865 4295 934 4350 iis
969 4295 1024 4352 O.
1081 4299 1312 4364 fortasse
1347 4297 1532 4352 nimiis
1563 4299 1582 4368 ΙΙ
1609 4297 1836 4352 fuerunt
1865 4297 1940 4350 M
1964 4298 1981 4368 ΙΙ
2010 4301 2079 4348 18
2112 4297 2347 4348 uruntur
2376 4295 2421 4348 S
2448 4299 2465 4366 ΙΙ
2492 4303 2559 4350 19
2588 4295 2775 4364 peruri
2806 4295 2865 4348 F
2886 4295 2905 4364 ΙΙ
2936 4301 3001 4348 20
3042 4295 3091 4348 si
3114 4295 3285 4364 paulo

733 4409 746 4422 .
777 4411 788 4422 .
823 4413 836 4424 .
873 4369 930 4422 in
971 4373 1100 4422 aere
1135 4385 1234 4422 om.
1263 4369 1336 4422 H
1355 4371 1372 4440 ΙΙ
1407 4385 1540 4422 aeri
1577 4369 1630 4422 R
1687 4385 1874 4424 aerem
1909 4367 2027 4422 FO
2052 4369 2069 4438 ΙΙ
2106 4373 2171 4420 21
2216 4365 2433 4422 scilicet
2468 4383 2567 4422 om
2596 4365 2715 4420 FO
2734 4367 2753 4436 u
2794 4367 2943 4436 quod
2980 4367 3039 4420 et
3074 4367 3131 4420 in
3170 4369 3285 4422 sta.-

733 4439 814 4494 tio
859 4439 930 4494 M
937 4439 1000 4492 1ί
1007 4439 1054 4494 0
1103 4441 1120 4512 ss
1173 4445 1244 4494 22
1277 4439 1512 4508 tractat]
1551 4441 1828 4494 tractauit
1861 4439 1930 4494 R.
1990 4457 2089 4492 seu
2132 4439 2261 4508 quia
2308 4439 2557 4492 mutatae
2600 4439 2903 4508 nostraque
2952 4437 3023 4492 ab
3070 4439 3285 4520 origine

733 4511 904 4564 uersis
945 4511 1268 4580 corporibus
1305 4511 1522 4564 subiere
1559 4511 1726 4564 notos
1761 4511 1948 4578 (Theb.
1978 4509 2057 4562 ΙΙΙ
2084 4511 2213 4580 485)
2240 4509 2363 4562 add.
2386 4509 2449 4562 D
2474 4511 2491 4580 ΙΙ
2516 4509 2579 4560 in
2612 4509 2787 4564 sacris
2826 4509 3065 4578 legimus
3104 4507 3285 4564 omni-

733 4581 838 4634 bus
871 4583 982 4636 AS
1027 4583 1092 4636 in
1127 4581 1300 4636 sacris
1337 4579 1522 4634 Liberi
1561 4581 1816 4634 omnibus
1857 4583 2165 4634 Maevicius
2198 4581 2413 4650 primus
2442 4581 2459 4650 ss
2486 4585 2553 4634 23
2588 4581 2703 4634 tres
2738 4579 2881 4634 istae
2920 4581 3285 4648 purgationes

733 4655 866 4706 sunt
911 4655 988 4706 M
1033 4655 1054 4724 ΙΙ
1109 4653 1354 4724 purgant
1393 4649 1652 4706 RHFO
1693 4653 2077 4724 mythoyraphi
2120 4653 2235 4706 cod.
2278 4651 2501 4718 Reyin:
2558 4653 2867 4722 purgantur
2912 4651 3023 4704 AS
3032 4651 3107 4704 M
3154 4653 3173 4720 ΙΙ
3226 4653 3287 4704 et

729 4723 934 4778 RFO.
975 4727 1072 4778 aut
1111 4725 1306 4778 ΑΒΜ
1355 4725 1418 4778 ut
1455 4721 1524 4776 H
1561 4725 1582 4794 ΙΙ
1627 4727 1696 4776 24
1735 4709 1860 4792 sulp
1861 4739 1961 4776 ure
2000 4721 2045 4776 0
2088 4727 2105 4794 ΙΙ
2148 4721 2385 4778 abluunt
2420 4721 2601 4778 RFG
2630 4725 2847 4794 mythoy
2846 4739 2891 4776 r.
2932 4723 3043 4776 eod.
3084 4721 3281 4790 Βορέῃ.

733 4793 932 4848 ablunt
969 4795 1050 4848 Η.
1093 4795 1394 4850 abluuntur
1429 4793 1630 4848 ΑΒΜ
1659 4797 1678 4866 ΙΙ
1715 4793 1995 4848 uentilant
2024 4795 2285 4864 mythoyr.
2328 4793 2443 4846 cod.
2478 4793 2703 4862 Βερνίκη
2746 4793 3095 4848 uentilantur
3128 4793 3191 4846 D
3234 4799 3285 4848 et

733 4867 892 4920 ceteri
925 4867 1306 4936 mythoyraphi
1345 4867 1550 4950 codices
1589 4871 1636 4922 et
1671 4867 2007 4934 exemplaria
2046 4867 2321 4934 impressa.
2384 4865 2663 4920 ventilant
2700 4883 2801 4920 om.
2832 4865 2943 4918 AS
2950 4863 3001 4916 R
3014 4865 3083 4916 H
3090 4865 3165 4918 M
3172 4865 3233 4918 F
3240 4863 3291 4918 0

731 4937 752 5008 Η
785 4943 858 4990 25
901 4937 1010 4990 hoc
1045 4939 1192 4990 enim
1241 4939 1326 4992 est
1369 4937 1426 4990 in
1467 4937 1708 4992 secundo
1743 4935 2133 5006 georgicorum
2174 4937 2231 4988 D
2288 4935 2395 4990 hoc
2434 4941 2519 4990 est
2556 4937 2705 4990 enim
2740 4935 2891 5004 quod
2930 4935 3117 4990 dicit
3102 4955 3161 4990 m
3200 4953 3281 4990 se-

735 5007 912 5060 cundo
953 5005 1150 5074 Georg.
1189 5009 1504 5076 Stephanus
1529 5009 1548 5078 ΙΙ
1591 5007 1778 5078 ibique
1819 5009 1880 5060 F
1927 5009 2009 5064 ibi
2052 5009 2101 5062 0
2128 5009 2147 5078 ΙΙ
2184 5015 2251 5062 26
2288 5007 2663 5076 purgationis]
2714 5027 2731 5060 1
2810 5009 2995 5060 autem
3036 5009 3095 5062 et
3128 5009 3281 5078 apud

733 5077 1052 5132 Iuvenalem
1093 5081 1202 5146 (sat
1247 5077 1296 5128 Il
1331 5083 1450 5132 156*
1491 5081 1744 5150 tangitur
1781 5079 2069 5148 ‘quotiens
2106 5081 2233 5132 hinc
2268 5079 2399 5134 talis
2440 5079 2509 5132 ad.
2546 5077 2675 5132 illos
2704 5007 2897 5310 Jbra
2928 5079 3087 5134 uenit
3112 5097 3277 5152 cupe-
