3900 5784
1271 619 1500 678 COMM.
1537 621 1616 674 IN
1653 617 1874 674 VERG,
1911 617 2077 672 AEN.
2122 617 2203 672 VI
2244 625 2539 674 265-273,
3108 615 3191 678 47

805 783 952 848 270.
1029 799 1390 848 INOEPTAM
1451 783 1564 850 alii
1623 783 2005 850 ‘incertam'
2054 783 2311 870 legunt,
2378 783 2533 846 illuc
2602 785 2821 846 tamen
2884 779 3187 864 recurrit3

627 915 780 958 nam
843 887 1226 956 ‘incertam’
1293 889 1740 978 incipientem,
1801 893 1870 956 id
1935 895 2039 956 est
2104 893 2419 958 minorem
2488 889 2831 974 significat.
3010 903 3191 952 [ΝΘΕ

627 1015 948 1066 MALIGNA
1013 997 1312 1062 obscura:
1379 1023 1530 1064 nam
1585 999 1944 1084 malignum
2008 1003 2107 1064 est
2160 999 2417 1082 proprie
2478 1001 2861 1080 angustum,
2924 998 3003 1061 ut
3054 993 3193 1080 <XI

627 1105 802 1188 525>
843 1105 1266 1188 aditusque
1299 1125 1368 1168 m
1385 1106 1488 1170 ali
1501 1105 1656 1188 gni,
1703 1105 1774 1168 id
1809 1109 1910 1168 est
1945 1105 2257 1182 minores„
2302 1103 2575 1168 obscuri.
2652 1125 2805 1166 sane
2848 1101 3193 1184 sciendum,

627 1213 844 1294 lunae,
907 1210 1060 1274 licet
1123 1211 1420 1296 minoris,
1487 1211 2103 1274 commemoratione
2164 1209 2503 1272 ostendere
2562 1233 2739 1294 eum,
2800 1209 3001 1274 fuisse
3058 1208 3191 1272 illic

629 1319 876 1404 aliquid
939 1317 1134 1382 lucis:
1205 1341 1358 1384 nam
1423 1317 1616 1382 aliter
1677 1317 1922 1398 omnia,
1996 1337 2157 1398 quae
2228 1315 2511 1380 dicturus
2578 1317 2705 1398 est,
2776 1315 2995 1380 videre
3060 1337 3193 1382 non

627 1427 946 1512 poterant.

805 1533 954 1598 271.
1029 1551 1150 1598 VBI
1193 1533 1484 1616 quando:
1529 1551 1680 1592 nam
1727 1549 1860 1590 non
1905 1531 2009 1592 est
2050 1527 2203 1610 loci,
2254 1527 2367 1592 sed
2410 1529 2749 1612 temporis.

807 1641 954 1704 272.
1029 1659 1174 1704 uox
1221 1653 1560 1702 ABsTerr
1609 1653 1800 1698 ATRA
1847 1653 2177 1698 cononum
2224 1635 2349 1698 hoc
2394 1639 2461 1698 et
2506 1635 2795 1700 videmus
2846 1639 2909 1698 et
2960 1639 3191 1700 tracta-

627 1749 736 1810 tur
795 1747 876 1810 ab
931 1743 1272 1830 Epicureis
1283 1793 1302 1828 7
1355 1743 1548 1806 rebus
1605 1741 1836 1806 tollere
1893 1745 2153 1806 noctem
2210 1743 2501 1806 colorum
2554 1741 2965 1806 varietatem:
3024 1743 3193 1806 unde

633 1851 828 1918 etiam
891 1853 1058 1936 apud
1117 1849 1362 1916 inferos
1415 1849 1640 1916 omnia
1689 1849 1884 1932 nigra
1947 1869 2091 1914 esse
2148 1849 2467 1914 dicuntur.
2560 1851 2789 1912 contra
2856 1849 2977 1912 hos
3030 1849 3195 1914 Aca-

543 1955 546 1958 ’
633 1959 862 2024 demici
915 1981 1044 2022 una
1101 1981 1170 2022 re
1223 1958 1548 2042 pugnant:
1617 1959 1770 2022 nam'
1827 1979 2135 2042 squamas
2188 1957 2467 2040 piscium
2524 1955 2747 2020 dicunt
2804 1957 3019 2020 lucere
3082 1977 3197 2040 per

631 2069 908 2132 noctem.

807 2175 954 2238 273.
1031 2175 1480 2238 vESTIBVLVM
1525 2175 1598 2234 ut
1645 2169 1856 2236 Varro
1905 2171 2095 2250 dicit,
2144 2171 2575 2256 etymologiae
2624 2193 2755 2234 non
2796 2169 3001 2236 habet
3044 2173 3197 2256 pross

525 2321 528 2324 ·
633 2283 1008 2366 prietatem,
1071 2281 1186 2346 sed
1253 2281 1326 2344 fit
1389 2301 1506 2364 pro
1563 2281 1762 2364 captu
1821 2277 2097 2362 ingenii:
2160 2301 2311 2342 nam
2376 2277 2797 2362 vestibulum,
2866 2281 2939 2342 ut
3000 2301 3197 2362 supra

633 2387 744 2472 <II
789 2387 962 2472 469>
1013 2387 1316 2472 diximus7
1369 2387 1614 2452 dictum
1663 2385 1746 2448 ab
1793 2405 1896 2470 00,
1941 2385 2119 2468 quod
2164 2385 2425 2478 ianuam
2474 2385 2733 2450 vestiat.
2814 2385 2929 2450 alii
2980 2385 3199 2450 dieunt

635 2481 914 2558 a'Vesta
957 2493 1204 2558 dictum
1253 2515 1368 2578 per
1411 2491 1932 2556 inminutionem:
1984 2515 2137 2556 nam
2180 2491 2421 2558 Vestae
2470 2493 2669 2556 limen
2720 2497 2815 2556 est
2864 2513 3199 2558 consecra-

633 2607 792 2664 tum.
869 2601 980 2666 alii
1029 2599 1254 2666 dicunt
1297 2601 1380 2664 ab
1427 2623 1534 2684 00,
1579 2599 1754 2684 quod
1799 2601 2017 2664 nullus
2064 2599 2201 2664 illic
2242 2603 2397 2688 stet3
2442 2601 2513 2664 in
2548 2599 2773 2665 limine
2812 2601 2987 2664 enim
3022 2601 3197 2664 solus

633 2713 732 2774 est
779 2709 1128 2772 transitus:
1187 2709 1512 2792 quomodo
1565 2731 1840 2772 vesanus
1899 2709 2135 2772 dicitur
2186 2729 2317 2772 non
2380 2729 2601 2790 sanus,
2656 2709 2751 2772 sic
2800 2707 3197 2772 vestibulum

633 2817 816 2900 quasi
861 2839 996 2880 non
1043 2815 1390 2880 stabulum.
1585 2831 1926 2880 FAVOIBVS
1978 2831 2141 2880 ORCI
2196 2813 2389 2878 deum
2444 2815 2665 2898 posuit
2722 2835 2839 2900 pro
2896 2813 3069 2898 1000,
3124 2819 3199 2880 ut

633 2925 854 2988 Iovem
903 2923 1172 2988 dicimus
1223 2925 1288 2986 et
1333 2927 1548 2986 aerem
1597 2921 2065 3006 significamus:
2142 2919 2455 2988 Horatius
2518 2925 2773 2986 manet
2830 2923 2969 2986 sub
3016 2919 3195 2986 Iove

631 3029 924 3114 frigido
995 3033 1334 3096 venator.
1425 3027 1664 3092 Orcum
1731 3033 1946 3092 autem
2014 3027 2353 3094 Plutonem
2418 3027 2595 3092 dicit:
2658 3051 2777 3094 nec
2844 3027 3017 3092 enim
3080 3051 3197 3114 per

633 3135 966 3200 Charonta
1021 3157 1364 3218 possumus
1419 3135 1804 3220 intellegere
1851 3135 2093 3200 inferos
2152 3135 2389 3216 dictos>‚
2444 3135 2599 3222 quia
2640 3137 2855 3200 minor
2896 3139 3195 3218 potestas

569 3231 576 3236 ⁵
633 3265 750 3326 pro
795 3243 1066 3326 imperio
1117 3263 1466 3324 numquam
1515 3243 1806 3326 ponitur,
1857 3243 1969 3306 sed
2014 3243 2131 3306 illa
2176 3263 2345 3326 quae
2388 3247 2571 3306 tenet
2610 3241 2965 3326 imperium.
3040 3263 3195 3326 ergo

777 3443 806 3490 3
843 3453 1078 3492 mnam
1119 3435 1380 3508 obscura]
1419 3435 1488 3490 cf.
1527 3435 1668 3490 Non.
1707 3453 1764 3504 p.
1801 3441 1926 3502 345,
1958 3441 2055 3500 323
2094 3435 2239 3490 Don.
2276 3433 2335 3488 in
2376 3435 2503 3490 Ter.
2538 3435 2659 3490 hec.
2698 3435 2725 3490 I
2760 3441 2809 3504 2,
2850 3439 2917 3490 84
2954 3437 2975 3506 fl
3020 3441 3049 3486 9
3090 3435 3197 3490 hoc

633 3551 644 3564 .
677 3551 690 3562 .
725 3551 738 3564 .
781 3509 1060 3576 dicuntur]
1101 3509 1170 3564 cf.
1209 3525 1412 3564 comm.
1447 3507 1578 3560 Luc.
1621 3507 1690 3560 IV
1729 3509 1842 3576 8011
1883 3513 1946 3560 14
1986 3509 2049 3562 ut
2084 3507 2263 3562 Varro
2300 3507 2439 3560 dicit
2480 3549 2493 3562 .
2524 3549 2533 3560 .
2568 3551 2581 3564 .
2622 3523 2735 3562 non
2770 3505 3085 3578 stabulum]
3124 3507 3193 3560 cf.

633 3579 882 3704 {uago}
911 3579 1062 3716 IS’ag.5
1075 3579 1156 3634 VI
1191 3585 1244 3650 8,
1285 3585 1352 3634 14
1383 3597 1530 3648 sqq.;
1581 3579 1724 3632 Gell.
1765 3577 1892 3632 XVI
1929 3583 1989 3646 ὃς
2038 3579 2169 3630 Isid.
2212 3577 2349 3648 orig.
2390 3577 2495 3632 XV
2532 3585 2583 3648 7,
2624 3585 2653 3632 2
2710 3581 2731 3648 ΙΙ
2790 3583 2861 3632 21
2896 3579 3193 3648 Horatius]

633 3811 784 3864 ditur
817 3827 1002 3864 uacua
1035 3809 1092 3862 R
1149 3809 1518 3864 ostenduntur
1549 3825 1734 3864 uacua
1769 3809 2105 3876 exemplaria
2140 3811 2341 3876 quibas
2376 3813 2503 3862 ator
2530 3815 2755 3876 praeter
2786 3807 3197 3864 Fabricianum

605 3885 682 3944 ,et
717 3881 1068 3948 Gottiayensc
1119 3897 1260 3948 quae
1301 3879 1616 3936 ostenditur
1657 3897 1896 3934 vacuum
1941 3879 2209 3932 exhibeat.
2276 3879 2509 3944 fortasse
2554 3897 2655 3948 per
2692 3881 2843 3948 quod
2882 3879 3197 3936 ostenditur

639 3951 910 4006 ‘vacuas'.
939 3953 956 4020 [Ι
999 3957 1028 4004 1
1063 3951 1362 4022 incertam]
1401 3951 1674 4006 incertam
1709 3969 1776 4004 ea·
1809 3951 2101 4018 inceptam
2138 3949 2205 4002 Η
2242 3951 2261 4020 11
2306 3957 2337 4002 2
2378 3951 2649 4004 incertam
2686 3969 2741 4018 a,
2776 3957 2841 4004 at
2878 3951 3109 4018 videtur,
3146 3957 3195 4006 et

635 4021 958 4076 Fabricius:
999 4023 1276 4076 incertum
1309 4021 1422 4074 AS
1429 4023 1500 4074 H
1507 4021 1580 4074 M
1619 4021 1830 4074 incerta
1867 4021 1920 4074 R
1947 4023 1967 4090 ΙΙ
1998 4027 2029 4074 3
2064 4023 2291 4088 proprie
2328 4019 2641 4090 malignum
2676 4023 2767 4074 est
2802 4023 2881 4074 M
2902 4023 2919 4092 Ι[
2946 4029 2985 4074 4
3018 4023 3195 4076 mino-

635 4109 720 4146 res
765 4095 820 4146 et
855 4093 1074 4148 obscuri
1113 4093 1188 4146 M
1207 4096 1226 4163 ΙΙ
1257 4099 1286 4146 5
1323 4093 1478 4148 lucet
1513 4089 1580 4146 H
1605 4095 1622 4164 [Ι
1653 4099 1680 4146 7
1719 4093 1987 4164 poterant
2020 4089 2229 4146 ASH:
2266 4093 2493 4162 poterat
2528 4091 2673 4146 ΒΜ
2696 4095 2713 4164 ΙΙ
2754 4097 2785 4146 8
2822 4095 3087 4146 scholiam
3124 4095 3199 4146 ad
3310 4139 3313 4144 .

575 4187 578 4192 ·
633 4181 680 4218 v.
719 4171 822 4218 271
863 4181 960 4218 om.
1005 4167 1056 4218 A
1093 4166 1110 4236 ss
1149 4171 1180 4218 9
1221 4165 1326 4218 hoc
1369 4209 1380 4220 .
1413 4209 1422 4220 .
1455 4209 1466 4220 .
1509 4165 1760 4220 colorum
1797 4179 1898 4220 om.
1935 4163 2009 4218 H
2034 4165 2051 4234 ΙΙ
2090 4163 2149 4216 et
2182 4161 2467 4234 videmus]
2506 4163 2791 4218 euidemus
2830 4165 2887 4218 R
2914 4165 3197 4230 ‚uidemus

639 4237 710 4290 M
745 4239 762 4308 ΙΙ
801 4241 868 4348 110
907 4237 1176 4308 colorum]
1219 4253 1318 4292 om.
1359 4239 1430 4308 R,
1469 4237 1712 4292 colorem
1753 4237 1806 4290 A
1845 4239 2005 4306 (corr.
2042 4237 2101 4304 a)
2140 4237 2157 4306 ss
2198 4241 2263 4288 11
2302 4235 2649 4290 achademici
2686 4235 2809 4290 AR
2866 4233 3197 4292 sacademici

635 4359 702 4412 H
755 4361 1060 4416 academici
1101 4365 1176 4416 M
1219 4365 1236 4434 ΙΙ
1283 4367 1348 4416 12
1389 4381 1504 4418 una
1535 4363 1852 4432 repugnant
1887 4361 1999 4416 AS
2030 4363 2047 4432 ΙΙ
2092 4377 2227 4416 nam
2264 4377 2527 4428 squamae
2560 4359 2797 4430 piscium
2836 4377 2937 4432 per
2972 4365 3199 4418 noctem

637 4429 826 4486 lucent
865 4431 938 4486 M
969 4435 990 4502 ΙΙ
1025 4449 1126 4502 per
1159 4435 1408 4506 noctem]
1443 4433 1596 4502 quod
1635 4433 1904 4502 probatur
1937 4435 2065 4488 add.
2088 4431 2215 4486 AS.
2268 4449 2401 4486 nam
2438 4449 2699 4500 squamas
2736 4433 2971 4502 piscium
3008 4435 3197 4488 lucere

639 4519 740 4570 per
777 4507 1002 4558 noctem
1039 4505 1434 4572 comprobatur
1473 4505 1784 4572 Stephanus
1809 4509 1862 4558 et
1887 4505 2097 4558 Daniel
2124 4505 2141 4574 11
2168 4509 2239 4556 14
2266 4503 2671 4572 aethimologia
2696 4503 2755 4556 R
2798 4503 3199 4576 ethimologiae

639 4573 690 4626 A
763 4575 1170 4644 etoemologiae
1215 4575 1264 4630 S
1323 4575 1750 4646 ethimologiam
1793 4575 1866 4628 H
1919 4575 2341 4644 ethymologias
2382 4575 2455 4628 M
2506 4577 2523 4644 ΙΙ
2582 4579 2647 4626 15
2692 4575 2781 4628 ut·
2802 4591 2905 4630 om.
2952 4575 3135 4632 ΑΒΗ
3180 4575 3199 4648 ΙΙ

645 4649 708 4698 16
749 4647 958 4698 uestiat
995 4647 1222 4702 ianuam
1261 4647 1314 4700 R
1351 4651 1370 4718 ΙΙ
1415 4647 1518 4704 alii
1551 4647 1748 4702 dicunt
1785 4689 1796 4700 .
1827 4691 1840 4702 .
1875 4691 1888 4704 .
1923 4647 2311 4702 consecratum
2350 4661 2449 4700 om.
2488 4643 2601 4698 AS
2634 4647 2653 4714 ΙΙ
2704 4651 2767 4698 19
2802 4647 3073 4704 transitus
3114 4649 3199 4702 est

641 4713 752 4770 AS
777 4719 794 4786 11
823 4719 1132 4788 quomodo]
1171 4719 1270 4772 sed
1305 4719 1584 4788 quomodo
1629 4719 1702 4772 M
1725 4719 1744 4788 ΙΙ
1779 4735 2053 4772 uaesanus
2092 4717 2201 4772 AS
2212 4719 2287 4770 M
2310 4719 2329 4786 ΙΙ
2368 4719 2443 4770 ad
2478 4733 2527 4770 v.
2566 4721 2667 4768 273
2710 4719 3051 4774 uestibulum
3090 4721 3197 4774 hoc

641 4785 768 4838 loco
803 4803 918 4842 non
951 4789 1194 4858 priorem
1233 4793 1450 4860 partem
1491 4789 1686 4844 domus
1725 4789 1975 4842 infernae
2024 4789 2161 4842 dicit
2200 4787 2295 4842 sed
2344 4787 2469 4840 loca
2506 4785 2617 4838 duo
2654 4785 3007 4846 demonstrat
3040 4791 3199 4844 extra

641 4857 758 4910 orci
801 4857 978 4926 fores,
1025 4859 1084 4914 id
1133 4863 1218 4914 est
1253 4861 1596 4916 uestibulum
1643 4861 1698 4916 et
1745 4861 1950 4914 fauces,
2026 4877 2095 4914 ex
2140 4857 2341 4926 quibus
2388 4855 2733 4912 uestibulum
2778 4863 3031 4932 appellat
3068 4865 3199 4918 ante

639 4925 2119 5058 arma?22²¹?azza51ffl100³dcr⁰aisszrngun}
2138 4947 2249 5054 0·
2272 4927 2893 5058 excedentem
2930 4933 3199 5076 affirm-1

1339 5025 1434 5060 um
1521 5025 1540 5058 1
1573 5023 1596 5058 1
1673 5023 1700 5056 r
1915 5023 1948 5058 u
2782 5023 2851 5060 ‘m
2884 5023 2935 5062 m
2976 5025 3007 5062 r
3040 5047 3053 5060 .
3082 5033 3089 5038 ·

647 5071 712 5120 22
751 5069 954 5140 frigide
973 5021 1050 5128 gR
1087 5077 1248 5144 (corr.
1285 5093 1430 5134 man.
1467 5079 1588 5144 sec.)
1629 5079 1646 5148 Ι[
1683 5081 1754 5130 23
1793 5021 2027 5130 001·ἶοῖο
2062 5073 2141 5128 Μ
2170 5073 2187 5143 Ι]
2236 5077 2303 5126 24
2338 5073 2535 5126 tenent
2568 5073 2641 5126 Η
2708 5063 2719 5076 ”
2938 5025 2977 5064 a
3004 5023 3039 5076 9

3236 1755 3299 1804 10

3238 2289 3301 2338 15

3236 2825 3301 2874 20
