3900 5784
723 641 864 720 ‘138
1897 645 2137 702 ssnvn

923 813 1062 878 163.
1137 805 1650 890 DOMITAN'rQVE
1705 829 1782 876 IN
1833 825 2161 874 PVLVERE
2214 825 2479 872 cvRRvs
2548 831 2747 892 equos
2812 807 2929 872 sub
2998 807 3291 872 curribus

733 919 1056 986 domitant.

921 1025 1064 1090 164.
1137 1041 1350 1088 AORES
1403 1043 1616 1092 AROVS
1665 1025 1884 1090 fortes.
1958 1029 2029 1088 et
2080 1027 2179 1088 est
2230 1019 2657 1108 κατάχρησιςτ
2718 1047 2873 1090 nam
2938 1023 3293 1088 acrimonia

735 1131 972 1198 mentis
1023 1133 1140 1194 est.
1319 1149 1558 1198 LENTA
1601 1131 1840 1196 mollia.
2022 1149 2183 1196 IGTV
2228 1129 2635 1194 iaculatione.

667 1253 698 1302 5
919 1237 1062 1302 167.
1135 1255 1486 1302 INGENTES
1549 1263 1626 1304 ex
1675 1241 1938 1320 stupore
1980 1239 2193 1302 nuntii
2238 1239 2383 1302 laus
2430 1239 2797 1302 ostenditur
2840 1239 3291 1306 Troianorum.

735 1349 802 1412 et
845 1345 1362 1410 bene‘novitatis
1411 1343 1698 1412 ostendit
1745 1343 2147 1428 opinionemz
2200 1345 2501 1428 ingentes
2550 1345 2719 1410 enim
2768 1367 2909 1410 esse
2952 1369 3115 1432 quos
3162 1345 3291 1430 pri-

729 1475 912 1518 mum
957 1451 1246 1518 videmus
1297 1453 1656 1536 opinamur.
1805 1469 2177 1518 REPORTAT
2224 1455 2335 1516 aut
2386 1451 2517 1516 ‘re'
2562 1457 2783 1536 vacat,
2828 1457 2941 1518 aut
2992 1451 3125 1516 ‘re'
3168 1461 3289 1536 pro

731 1557 882 1624 ‘ad’
929 1561 1178 1644 posuit,
1223 1563 1306 1626 ut
1345 1559 1434 1624 sit
1477 1557 1864 1650 ‘adportaffi

915 1667 1060 1732 168.
1135 1685 1348 1732 INTRA
1399 1685 1626 1734 TECTA
1673 1685 1930 1734 VOGARI
1984 1667 2289 1732 dissentit
2340 1667 2463 1732 hoc
2522 1667 2669 1732 loco
2714 1689 2755 1730 a
2800 1665 3097 1732 Romana
3144 1689 3291 1732 con-

631 1785 700 1834 10
737 1773 1092 1838 suetudine.
1157 1797 1308 1838 nam
1341 1775 1550 1860 legati
1587 1775 1642 1838 si
1681 1773 1934 1860 quando
1970 1775 2289 1862 incogniti
2326 1773 2545 1840 venire
2578 1773 3053 1858 nuntiarentur,
3078 1773 3289 1858 primo

737 1881 894 1968 quid
939 1880 1182 1970 vellent
1203 1881 1300 1946 ab
1339 1881 1858 1964 exploratoribus
1897 1883 2373 1968 requirebatur,
2418 1883 2569 1964 post
2606 1881 2689 1944 ad
2724 1901 2835 1944 eos
2878 1881 3291 1964 egredieban-

735 1991 846 2050 tur
879 1987 1304 2070 magistratus
1339 1989 1652 2070 minoreS‚
1697 1993 1764 2052 et
1807 1991 1961 2054 tunc
2008 1989 2267 2052 demum
2306 1991 2565 2054 senatus
2604 1989 2683 2052 ab
2716 1989 2807 2052 eis
2842 1989 3029 2052 extra
3060 1989 3291 2052 urbem

735 2091 1074 2178 postulata
1115 2091 1452 2174 noscebat,
1501 2097 1568 2158 et
1611 2095 1706 2158 ita
1753 2095 1806 2160 si
1851 2097 2063 2160 visum
2098 2095 2357 2178 fuisset,
2404 2097 2471 2160 in
2510 2097 2719 2160 urbem
2766 2093 3291 2160 admittebantur.

737 2199 850 2262 sed
895 2199 1020 2262 11οο
1069 2197 1398 2284 Vergilius
1443 2221 1576 2264 non
1631 2201 1770 2266 sine
1821 2201 2075 2290 ratione
2128 2203 2593 2286 praetermisit:
2662 2201 2965 2266 Latinum
3012 2223 3291 2286 namque
3398 2249 3401 2252 -

635 2317 700 2366 15
737 2325 1090 2370 memorem
1141 2305 1284 2370 vult
1329 2325 1468 2398 esse
1527 2307 1820 2390 responsi
1865 2311 1934 2372 et
1978 2307 2239 2372 avidum
2288 2307 2443 2372 satis
2492 2307 2573 2372 ad
2620 2311 2923 2372 externos⁴
2962 2307 3293 2392 videndos,

733 2435 852 2496 per
897 2435 1062 2498 quos
1107 2413 1170 2476 ei
1211 2413 1714 2496 promittebatur
1761 2413 2061 2478 felicitas,

921 2519 1066 2584 169.
1139 2535 1344 2584 SOLIO
1381 2535 1642 2584 MEDIVS
1683 2535 2033 2586 CONSEDIT
2068 2525 2145 2584 ut
2182 2541 2375 2604 supra
2406 2521 2481 2604 <I
2512 2519 2681 2604 506>
2708 2521 3017 2606 diximus,
3052 2521 3303 2586 solium⁴

737 2629 838 2690 est
879 2625 1086 2692 veluti
1131 2625 1478 2696 armarium
1527 2627 1602 2690 de
1647 2617 1776 2692 unb
1821 2627 2003 2712 ligno
2052 2627 2297 2692 factum
2330 2627 2413 2692 ad
2446 2649 2677 2712 regum
2722 2631 3023 2712 tutelam,
3068 2649 3289 2694 secun-

735 2735 888 2796 dum
915 2813 920 2816 ,
945 2733 1108 2798 alios
1161 2757 1196 2796 a
1241 2731 1572 2798 soliditate
1629 2733 1900 2818 dictum,
1960 2735 2309 2800 secundum
2354 2737 2641 2820 Asprum
2694 2757 2813 2820 per
2868 2735 3291 2820 antistichon,

631 2851 702 2898 20
739 2841 930 2922 [quod
959 2841 1162 2904 solum
1197 2841 1266 2904 id
1299 2845 1386 2904 est
1417 2859 1612 2906 unum
1649 2843 1836 2926 capit]
1887 2843 2079 2926 quasi
2110 2841 2359 2908 sodium
2400 2865 2437 2906 a
2472 2841 2783 2906 sedendo:
2822 2863 2979 2906 nam
3028 2845 3091 2906 et
3130 2841 3293 2908 sella

737 2949 928 3032 quasi
971 2947 1170 3012 sedda
1215 2947 1388 3012 dicta
1437 2951 1554 3012 est.

921 3055 1066 3118 170.
1137 3069 1420 3118 Tse'rvm
1457 3071 1836 3122 AvsvsTvM
1871 3071 2131 3120 Iussus
2172 3057 2457 3140 domum,
2498 3075 2691 3140 quam
2728 3057 2797 3120 in
2830 3055 3087 3120 Palatio
3130 3055 3287 3120 dixi-

737 3185 880 3226 mus
939 3159 1086 3244 <IV·
1119 3159 1298 3244 410>
1353 3161 1438 3224 ab
1491 3159 1798 3246 Augusto
1857 3163 2125 3246 factam,
2188 3185 2305 3246 per
2366 3165 2713 3226 transitum
2778 3163 3029 3228 laudatt
3092 3183 3289 3246 quam

739 3269 930 3354 quasi
969 3269 1042 3332 in
1089 3267 1546 3334 Laurolavinio
1591 3271 1730 3334 vult
1779 3271 1991 3336 fuisse.

883 3485 950 3556 17
987 3481 1192 3536 solium
1227 3495 1276 3534 e.
1315 3497 1364 3546 q.
1407 3481 1474 3552 0.]
1527 3499 1696 3536 exscr.
1733 3483 1864 3536 Isid.
1905 3499 1981 3536 or.
2022 3483 2125 3534 XX
2164 3487 2245 3550 11,
2292 3487 2353 3534 10
2394 3483 2453 3536 et
2492 3489 2575 3546 16,
2614 3487 2665 3534 4.
2730 3483 2801 3538 cf.
2838 3481 2951 3536 diff.
2992 3481 3147 3536 verb.
3186 3485 3291 3534 524

883 3684 912 3733 1
963 3675 1234 3744 curribus]
1285 3675 1508 3744 regibus
1547 3675 1696 3732 Lien
1737 3680 1756 3747 ΙΙ
1797 3679 1884 3732 ἀοῖ
1921 3693 2053 3732 vers,
2094 3681 2193 3730 163
2232 3677 2299 3732 in
2332 3695 2503 3746 mam.
2542 3675 2797 3732 Romana
2840 3675 3101 3732 iuuentus
3148 3679 3289 3732 tem·-

737 3765 872 3816 pore
925 3747 1080 3818 pacis
1129 3747 1338 3802 bellico
1387 3747 1522 3800 ludo
1575 3751 1934 3804 exercebatur
1982 3747 2041 3800 in
2088 3765 2287 3816 campo
2332 3749 2545 3804 marcio
2590 3747 2859 3802 currendo
2904 3741 3175 3804 ‘uidelicet
3214 3747 3291 3802 ad

735 3819 930 3888 palum
967 3823 1026 3876 et
1059 3819 1140 3874 ibi
1177 3837 1302 3872 cum
1337 3837 1548 3888 magno
1581 3819 1800 3888 impetu
1831 3821 1977 3876 ictus
2008 3819 2283 3874 mittendo
2310 3819 2403 3874 uel
2432 3819 2599 3874 etiam
2628 3819 2781 3874 ultra
2806 3837 3013 3888 equum
3038 3819 3289 3888 ligneum

741 3889 1010 3948 saliendo,
1077 3891 1206 3946 ideo
1239 3891 1348 3944 hoc
1383 3891 1672 3946 faciebant
1703 3909 1776 3946 ne
1815 3909 1942 3944 cum
1976 3891 2285 3944 necessitas
2320 3891 2599 3946 euenisset
2638 3891 2825 3946 essent
2860 3893 3115 3960 expertes
3154 3891 3291 3944 artis

737 3961 978 4018 militiae
1021 3963 1072 4016 T
1113 3963 1130 4032 [Ι
1179 3969 1208 4016 3
1245 3957 1608 4032 mmmm]
1663 3963 1961 4016 catam-esis
1998 3979 2131 4028 Q
2170 3963 2223 4014 A
2274 3963 2341 4032 (is
2380 3965 2443 4018 i‘n
2476 3981 2587 4018 ‘raa
2628 3963 2683 4032 a)
2740 3963 2869 4016 cata
2908 3963 3211 4030 crestiquos
3248 3961 3295 4018 S

739 4035 1040 4090 catam-esis
1077 4033 1270 4088 RLF
1323 4033 1614 4086 catacretis
1653 4035 1720 4086 H
1769 4035 2057 4088 catacrisis
2092 4035 2171 4088 M
2196 4035 2213 4104 ΙΙ
2260 4041 2297 4088 4
2330 4035 2439 4104 est]
2476 4051 2589 4088 non
2630 4035 2817 4088 autem
2852 4033 3289 4086 inanimatarum

737 4121 926 4158 rerum
963 4107 1026 4158 ut
1065 4121 1294 4158 arcuum
1329 4107 1456 4158 add.
1495 4105 1558 4156 D
1583 4107 1600 4174 ΙΙ
1647 4111 1680 4158 5
1715 4105 1906 4158 nuncii
1941 4107 1995 4158 A
2024 4107 2043 4176 ΙΙ
2082 4113 2113 4158 6
2154 4109 2209 4158 et
2248 4107 2387 4158 bene
2428 4143 2439 4156 .
2470 4147 2481 4158 .
2518 4149 2529 4160 .
2568 4105 2863 4174 opinamur
2902 4115 3003 4158 σπι.
3042 4103 3175 4156 LH
3202 4105 3291 4172 (in

735 4191 910 4244 viam.
949 4179 1076 4230 add.
1113 4177 1156 4244 Z)
1185 4177 1202 4246 ΙΙ
1243 4173 1534 4244 opiniones
1575 4177 1646 4228 M
1679 4179 1696 4248 ΙΙ
1743 4183 1774 4230 7
1815 4177 2155 4244 optimamur
2188 4175 2241 4226 R
2270 4177 2289 4244 fl
2330 4179 2531 4230 uaccat
2566 4177 2635 4230 H
2680 4177 2849 4230 uocat
2890 4177 2963 4230 M
2986 4177 3007 4244 ΙΙ
3048 4179 3151 4228 aut
3184 4217 3195 4228 .
3230 4215 3243 4228 .
3276 4215 3289 4230 .

737 4247 816 4302 sit
849 4263 950 4302 om.
989 4247 1064 4314 L,
1099 4263 1248 4316 supr.
1289 4263 1424 4302 vere.
1461 4247 1590 4302 add.
1629 4249 1668 4314 l,
1703 4249 1788 4302 ita
1823 4251 2005 4300 tamen
2040 4253 2101 4300 ut
2138 4263 2197 4300 re
2232 4247 2449 4300 omittat
2472 4248 2491 4316 ΙΙ
2530 4263 2587 4300 re
2626 4291 2639 4302 .
2672 4289 2683 4300 .
2716 4287 2725 4298 .
2770 4245 2843 4300 sit
2882 4263 2979 4302 om.
3022 4245 3083 4298 Η
3116 4247 3137 4314 ΙΙ
3184 4251 3213 4300 9
3258 4263 3293 4300 a

737 4317 1140 4372 consuetudine
1179 4335 1410 4374 romana
1437 4317 1606 4370 ASR
1631 4321 1652 4386 ΙΙ
1683 4325 1748 4372 10
1785 4317 2181 4372 nunciarentur
2206 4317 2263 4368 A
2318 4317 2647 4370 nuntiantur
2672 4317 2721 4368 L
2750 4319 2767 4386 ΙΙ
2800 4323 2861 4368 11
2902 4317 3289 4384 ingredieban-

735 4391 832 4442 tur
867 4389 922 4440 L
959 4389 1114 4458 (corr.
1157 4389 1194 4452 l)
1247 4391 1268 4456 ss
1327 4393 1390 4440 12
1431 4389 1588 4442 extra
1621 4389 1842 4458 urbem]
1891 4389 2053 4444 extra
2084 4387 2335 4456 pomeria
2368 4387 2479 4440 AS
2534 4389 2553 4454 ΙΙ
2584 4395 2675 4441 13
2718 4389 2987 4442 noscebat
3034 4403 3135 4442 om.
3172 4389 3243 4440 H

741 4467 810 4512 14
843 4461 952 4514 hoc
987 4479 1086 4514 om.
1131 4459 1194 4512 F
1229 4461 1250 4528 ΙΙ
1305 4457 1560 4528 uirgilius
1595 4499 1608 4512 .
1641 4501 1654 4512 .
1687 4503 1698 4512 .
1737 4461 2113 4526 praetermisit
2150 4457 2445 4512 ASRF22
2490 4459 2799 4526 prudenter
2838 4455 2977 4512 fecit
3014 4459 3147 4512 LH
3148 4459 3223 4512 M

741 4537 806 4584 15
843 4531 974 4586 fatis
1011 4533 1078 4586 H
1087 4533 1160 4584 M
1191 4533 1208 4600 ΙΙ
1237 4531 1520 4584 videndos
1557 4543 1656 4584 om.
1695 4529 1750 4584 R
1789 4533 1806 4600 ΙΙ
1855 4537 1920 4584 16
1956 4549 2059 4602 per
2092 4547 2229 4598 quos
2272 4571 2285 4584 .
2316 4569 2327 4580 .
2358 4571 2369 4582 .
2412 4529 2655 4582 felicitas
2690 4547 2791 4584 om.
2828 4529 2959 4584 LH
2992 4533 3073 4598 (in
3112 4547 3287 4602 mam.

737 4605 864 4658 aad.
905 4605 946 4672 2)
991 4605 1012 4670 n
1059 4603 1112 4656 ei
1149 4619 1244 4656 om.
1287 4601 1340 4662 R
1385 4603 1406 4672 ῃ
1455 4605 1518 4654 17
1559 4599 1758 4654 solium
1797 4605 1884 4656 est
1919 4605 1981 4656 ut
2020 4603 2187 4672 (siout
2222 4599 2301 4666 F)
2346 4599 2585 4654 diximus
2624 4619 2789 4668 supra
2822 4587 3005 4656 Ast*
3044 4603 3063 4668 n
3112 4605 3179 4656 18
3216 4601 3291 4654 ad

673 4691 678 4696 ·
735 4689 936 4740 regum
969 4673 1206 4728 tutelam
1239 4673 1452 4728 factum
1489 4669 1624 4722 ,ΕΗ
1629 4673 1704 4724 Μ
1733 4675 1752 4742 ΙΙ
1803 4679 1864 4726 19
1907 4673 2261 4740 antistochen
2296 4669 2349 4722 R
2406 4671 2705 4726 antisticon
2740 4671 2795 4724 L
2848 4671 3189 4740 antisyscom
3226 4671 3297 4724 H

737 4743 1058 4814 antistycon
1089 4747 1162 4800 M
1185 4745 1204 4816 ΙΙ
1231 4751 1302 4800 20
1335 4743 1486 4812 quod
1527 4741 1704 4796 solum
1731 4763 1904 4798 unum
1935 4745 2087 4814 capit
2122 4743 2295 4798 edidit
2322 4739 2629 4812 Stephanus
2656 4741 2943 4812 [leodium]
2984 4741 3199 4796 sedium
3226 4743 3285 4796 R

737 4815 942 4872 solium
967 4817 1034 4870 H
1057 4821 1076 4886 11
1101 4825 1170 4872 21
1211 4815 1370 4884 quasi
1401 4815 1572 4872 sedda
1597 4813 1752 4868 dicta
1779 4817 1888 4886 est]
1929 4821 1983 4872 et
2020 4815 2289 4872 subsellia
2324 4813 2483 4880 quasi
2524 4815 2821 4868 subseddja
2846 4815 2973 4866 add.
3004 4815 3285 4868 Isidorus:

737 4903 874 4956 quae
911 4889 1208 4944 Kettnerus
1243 4889 1440 4956 (Varr.
1477 4885 1638 4940 Stud.
1671 4903 1728 4954 p.
1759 4887 1848 4956 31)
1891 4889 2077 4944 Servio
2114 4887 2311 4940 tribuit
2350 4887 2369 4952 ΙΙ
2416 4889 2481 4938 22
2524 4887 2749 4938 domum
2788 4925 2801 4938 .
2830 4923 2843 4936 .
2878 4923 2889 4936 .
2930 4885 3055 4938 vult
3088 4885 3259 4938 fuisse

737 4959 966 5012 domum
1011 4959 1072 5012 in
1115 4959 1332 5028 palatio
1369 4975 1542 5028 quam
1581 4973 1746 5026 supra
1785 4961 1942 5028 quasi
1976 4959 2039 5010 in
2074 4953 2443 5010 laurolauinio
2480 4955 2605 5010 uult
2642 4955 2813 5008 fuisse
2848 4955 2979 5008 LH
3018 4959 3039 5026 ΙΙ
3090 4971 3261 5022 quam

739 5047 910 5158 qubam
949 5047 1110 5100 supra
1149 5029 1206 5084 R
1231 5031 1354 5156 Iti}
1371 5047 1472 5084 om.
1495 5025 1604 5080 AS
1629 5031 1648 5100 ΙΙ
1677 5033 1742 5082 24
1779 5031 1906 5084 uult
1939 5029 2111 5084 fuisse
2144 5027 2235 5082 M:
2274 5025 2443 5080 fuisse
2482 5019 2887 5116 commemorat
2914 5025 3117 5082 ΔΒΓΖ
3154 5025 3289 5082 fuis-

739 5119 802 5158 se
861 5117 1236 5158 eommemora
2690 5139 2693 5154 .
