3900 5784
1431 623 1658 682 COMM.
1693 623 1774 678 IN
1813 623 2027 680 VERG.
2066 623 2231 682 AEN.
2272 627 2345 680 Vl
2388 631 2504 682 724.
3120 621 3241 686 101

691 787 864 852 aliud
913 787 1104 852 elima
1151 787 1478 852 hominem
1539 791 1836 854 naturam
1885 811 1961 852 ex
2008 791 2191 872 parte
2240 793 2519 872 mutare3
2578 791 2657 854 de
2698 795 2843 856 toto
2894 789 3065 854 enim
3114 809 3247 854 non

687 899 934 978 potest,
991 893 1144 978 quia
1195 893 1266 956 in
1319 897 1638 980 principio
1687 893 1936 978 accepit
1984 897 2225 958 sortem
2276 899 2561 980 corporis
2612 899 2729 962 sui.
2820 917 2975 982 ergo
3026 895 3245 962 anima

685 1025 806 1086 pro
863 1001 1180 1084 qualitate
1237 1005 1336 1064 est
1385 1003 1692 1086 eorporis.
1747 997 1848 1066 'et
1897 1023 2025 1086 qua
2072 1001 2327 1064 ratione
2378 1025 2477 1066 res
2528 1005 2759 1068 melior
2804 1009 2903 1068 est
2946 1003 3021 1068 in
3062 1007 3241 1086 pote-

687 1111 856 1172 state
897 1107 1278 1172 deterioris?
1325 1109 1504 1190 atqui
1551 1109 1806 1172 divinus
1845 1109 2097 1172 animus
2140 1107 2361 1172 debuit
2408 1129 2641 1190 corpus
2678 1109 2917 1174 habere
2952 1109 3025 1174 in
3058 1115 3241 1194 pote·

685 1217 880 1296 state,
927 1205 1066 1278 non*
1103 1215 1378 1276 mortale
1417 1237 1648 1298 corpus
1687 1219 1989 1280 naturam
2030 1213 2229 1280 animi
2270 1235 2693 1296 corrumpere.
2768 1217 2879 1280 sed
2924 1217 3047 1280 hoc
3094 1217 3239 1280 ideo
3278 1225 3309 1274 5

685 1321 786 1404 fit,
841 1319 992 1404 quia
1039 1319 1186 1404 plus
1235 1325 1334 1384 est
1383 1321 1552 1406 quod
1597 1321 1914 1406 continet,
1976 1343 2169 1404 quam
2216 1319 2389 1404 quod
2434 1319 2813 1386 continetur.
2888 1325 2959 1386 ut
3010 1323 3063 1388 si
3110 1325 3239 1388 160-

681 1449 826 1490 nem
877 1427 1174 1490 includas
1219 1427 1292 1490 in
1335 1449 1624 1510 caveam,
1673 1427 2001 1510 inpeditus
2046 1427 2177 1490 vim
2220 1449 2405 1490 suam
2448 1447 2591 1490 non·
2628 1427 2865 1510 perdit,
2912 1429 3023 1492 sed
3060 1451 3239 1494 exer-

683 1555 822 1598 cere
869 1555 1002 1598 non
1051 1537 1296 1618 potest,
1351 1535 1444 1598 ita
1495 1533 1748 1598 animus
1793 1555 1924 1598 non
1970 1533 2211 1596 transit
2258 1535 2323 1596 in
2368 1533 2531 1598 vitia
2576 1533 2893 1616 corporis,
2938 1535 3051 1598 sed
3100 1537 3239 1600 eius

681 1639 1132 1704 coniunctione
1179 1639 1510 1722 inpeditur
1551 1661 1668 1704 nee
1715 1643 1969 1702 exercet
2018 1637 2145 1702 vim
2194 1661 2399 1704 suam.
2482 1639 2765 1702 occurrit
2804 1637 2999 1704 illud:
3044 1663 3237 1706 omne

681 1745 854 1830 quod
921 1747 1354 1828 corrumpitur
1421 1749 1756 1808 aeternum
1809 1767 1940 1808 non
2002 1747 2117 1808 est.
2206 1745 2285 1808 si.
2318 1745 2571 1810 animus
2628 1745 2875 1808 insanit
2932 1745 3237 1810 irascitur
3274 1757 3341 1808 10

679 1853 1006 1916 desiderat
1047 1851 1262 1934 timet,
1309 1854 1486 1916 caret
1533 1853 1942 1934 aeternitate,
1994 1851 2093 1916 cui
2138 1855 2287 1914 sunt
2320 1849 2451 1916 ista
2502 1853 2849 1916 contraria:
2896 1873 3049 1916 nam
3088 1875 3235 1936 pas-

679 1959 774 2024 sio
823 1959 1278 2024 aeternitatem
1313 1958 1596 2024 resolvit.
1671 1957 1844 2042 quod
1891 1959 2035 2024 ideo
2084 1957 2319 2022 falsum
2372 1979 2509 2020 esse
2556 1959 2857 2040 dicimus,
2904 1959 3053 2042 quia
3098 1959 3233 2022 ani-

675 2087 818 2128 mus
877 2087 992 2150 per
1039 2089 1102 2132 se
1151 2065 1312 2130 nihil
1369 2065 1644 2150 patitur,
1699 2065 1808 2130 sed
1857 2065 2115 2130 laborat·
2160 2085 2237 2126 ex
2282 2063 2573 2148 corporis
2632 2063 3113 2144 coniunctione,
3168 2069 3237 2130 et

675 2171 848 2236 aliud
907 2177 1010 2236 est
1067 2195 1184 2256 per
1255 2195 1434 2236 suam
1501 2173 1798 2236 naturam
1865 2171 2215 2256 corrumpi,
2280 2171 2453 2236 aliud
2520 2193 2635 2254 per
2690 2171 3085 2236 eontrarium
3138 2171 3233 2234 rei

675 2279 958 2342 alterius
1049 2279 1342 2342 videmus
1403 2279 1570 2342 enim
1633 2273 1782 2342 tale⁴
1819 2279 2093 2360 aliquid,
2156 2281 2231 2344 ut
2288 2277 2357 2342 in
2408 2277 2697 2360 lucerna,
2762 2299 2925 2360 quae
2994 2299 3107 2362 per
3160 2299 3231 2342 se
3270 2291 3337 2338 15

675 2385 846 2450 clara
895 2389 994 2450 est
1041 2389 1106 2450 et
1153 2386 1390 2468 locum,
1435 2385 1508 2448 in
1551 2405 1676 2468 quo
1727 2387 1858 2466 est,
1903 2385 2041 2448 sine
2092 2383 2285 2448 dubio
2328 2383 2699 2468 inluminat,
2746 2385 2861 2448 sed
2894 2385 2951 2448 si
2990 2407 3119 2468 qua
3156 2407 3229 2450 re

673 2495 850 2556 tecta
895 2491 1086 2556 fuerit
1135 2495 1198 2556 et
1245 2491 1520 2574 inclusa,
1573 2513 1704 2554 non
1751 2489 1965 2576 perdit
2012 2491 2411 2576 splendorem
2460 2491 2819 2582 proprium,
2878 2491 2991 2574 qui
3030 2491 3105 2556 in
3148 2513 3229 2556 ea

671 2601 774 2660 est
821 2635 896 2642 —
947 2603 1194 2662 remoto
1243 2619 1522 2682 namque
1567 2597 2011 2682 inpedimento
2060 2599 2333 2682 apparet
2370 2635 2451 2642 —
2500 2619 2619 2662 nec
2658 2601 2883 2662 tamen
2930 2597 3083 2682 quia
3128 2599 3227 2660 in-

671 2705 926 2790 peditus
985 2707 1084 2768 est
1141 2705 1276 2768 eius
1335 2705 1546 2790 vigor,
1609 2705 1752 2768 ideo
1807 2705 2003 2768 etiam
2060 2705 2417 2788 corruptus.
2510 2705 2605 2768 ita
2656 2723 2811 2788 ergo
2862 2707 2925 2768 et
2974 2705 3225 2770 animus

669 2811 980 2894 quamdiu
1025 2813 1126 2876 est
1159 2811 1228 2874 in
1267 2831 1560 2894 corpore,
1609 2811 1854 2896 patitur
1897 2811 2029 2876 eius
2070 2811 2519 2894 contagiones:
2568 2811 2761 2876 simul
2800 2815 2995 2894 atque
3028 2811 3221 2894 depo-
3260 2823 3331 2870 20

671 2919 878 2984 suerit
937 2939 1192 3002 corpm,
1259 2919 1486 3002 recipit
1539 2939 1728 2982 suum
1779 2917 2075 3002 vigorem
2132 2921 2195 2980 et
2250 2923 2483 2982 natura
2534 2919 2741 2982 utitur
2792 2917 3077 3000 propria.
3166 2919 3225 2982 si

667 3045 822 3110 ergo
865 3025 1092 3108 recipit
1129 3027 1430 3090 naturam
1471 3045 1674 3108 suam,
1725 3043 1918 3106 quare
1968 3045 2211 3110 poenas
2250 3023 2415 3108 apud
2456 3023 2701 3088 inferos
2740 3023 3029 3108 patitur?
3080 3023 3221 3088 ideo

669 3131 822 3214 quia
869 3155 998 3218 reS,
1051 3153 1214 3214 quae
1263 3131 1456 3194 simul
1505 3131 1808 3212 diu‘fuit,
1863 3153 1997 3194 non
2040 3137 2263 3214 potest
2310 3131 2607 3214 deposita
2648 3131 2795 3214 ipsa
2842 3153 2937 3210 re,
2994 3131 3221 3196 statim

667 3237 750 3300 ad
795 3259 982 3302 suum
1029 3237 1306 3302 nitorem
1353 3239 1606 3302 reverti.
1675 3241 1750 3302 ut
1787 3237 1844 3300 si
1881 3237 2159 3320 speciem
2202 3237 2539 3302 candidam
2582 3237 2849 3302 missam
2892 3237 2963 3302 in
3006 3239 3221 3302 lutum

663 3345 918 3426 polluas
969 3349 1034 3408 et
1079 3365 1222 3408 eam
1261 3343 1482 3408 statim
1521 3345 1772 3408 auferas
1783 3393 1800 3426 ,
1847 3365 1981 3408 non
2014 3343 2249 3408 idcirco
2290 3343 2591 3410 sordibus
2626 3345 2831 3422 caret,
2878 3343 2991 3408 sed
3038 3344 3217 3410 ablu·
3254 3355 3325 3404 25

661 3451 908 3514 tionem
963 3449 1264 3536 requirit,
1317 3455 1390 3514 ut
1445 3451 1510 3516 in
1565 3451 1910 3536 pristinum
1970 3451 2243 3514 nitorem
2298 3451 2509 3536 possit
2564 3449 2801 3514 redire:
2864 3449 2957 3514 sic
3000 3451 3219 3514 anima

665 3579 744 3620 ex
779 3581 856 3622 eo
895 3559 1066 3642 quod
1109 3557 1294 3620 datur
1323 3559 1580 3642 corpori
1617 3557 1973 3642 inquinata,
2008 3557 2205 3622 etiam
2244 3557 2297 3620 si
2340 3581 2573 3642 eorpus
2612 3557 2909 3642 deponat,
2956 3577 3217 3622 neeesse

659 3665 862 3728 habet
911 3665 1198 3750 purgari.
1289 3665 1348 3728 si
1393 3685 1546 3750 ergo
1597 3669 1961 3750 purgantur
2006 3669 2071 3728 et
2112 3665 2431 3746 recipiunt
2484 3669 2783 3730 naturam
2834 3685 3047 3748 suam,
3102 3687 3215 3728 eur

805 3847 832 3892 1
875 3839 1042 3894 alium
1085 3839 1310 3894 elimma,
1351 3839 1434 3908 011
1465 3845 1496 3892 3
1533 3839 1630 3892 sed
1669 3823 1780 3908 qua
1819 3837 2033 3892 ratione
2074 3839 2233 3892 ΘΒΜ.
2282 3839 2505 3894 Vossius
2532 3841 2553 3910 ΙΙ
2582 3839 2717 3908 qua]
2750 3837 2987 3908 antiqua
3024 3857 3133 3908 qua
3170 3839 3217 3894 S

659 3911 912 3980 (antiqua
951 3911 1048 3964 del.
1089 3911 1134 3980 s)
1163 3911 1182 3980 11
1225 3917 1256 3962 4
1295 3909 1454 3978 atqui
1489 3909 1602 3962 AS
1613 3909 1678 3962 0:
1719 3911 1916 3978 autqui
1956 3909 2009 3962 R
2066 3909 2261 3980 alstqui
2300 3911 2367 3962 H
2414 3909 2653 3982 atjsssqui
2696 3911 2765 3962 M
2804 3911 2969 3980 (duae
3002 3909 3215 3964 litterae

657 3983 858 4036 deletae
893 3983 1042 4050 sum)
1099 3977 1294 4048 autqui
1333 3979 1402 4062 F·
1443 3979 1608 4048 utqui
1641 3979 1696 4034 G
1735 3983 1752 4052 ΙΙ
1801 3985 1834 4034 5
1873 3995 2073 4048 corpus
2108 3981 2345 4034 mortale
2384 3983 2475 4048 M,
2518 3983 2617 4050 qui
2652 3983 2915 4034 naturam
2956 4023 2969 4034 .
2998 4021 3009 4034 .
3044 4023 3057 4034 .
3096 3997 3215 4034 cor-

1387 4063 1404 4092 1

655 4121 916 4174 rumpere
955 4105 1152 4160 omittit
1179 4107 1198 4178 ΙΙ
1227 4103 1414 4160 anima
1449 4097 1708 4160 naturam
1737 4103 1792 4158 R
1819 4107 1840 4176 ΙΙ
1865 4105 1995 4176 hoc]
2032 4103 2175 4160 haee
2202 4103 2321 4158 ΡΘ
2346 4107 2363 4176 ΙΙ
2390 4109 2423 4158 6
2452 4103 2539 4174 fit]
2580 4101 2693 4158 fuit
2720 4103 2769 4158 G
2796 4105 2815 4174 ΙΙ
2846 4109 2873 4158 7
2902 4103 3209 4172 inpeditus]

655 4179 928 4248 impetum
969 4181 1024 4232 et
1059 4175 1180 4230 Fa
1221 4179 1240 4249 ΙΙ
1291 4181 1324 4230 8
1365 4175 1462 4232 sed
1497 4193 1566 4230 ex
1603 4175 1722 4232 eius
1755 4175 1888 4230 RF
1921 4177 1942 4246 ΙΙ
1994 4181 2027 4230 9
2068 4175 2513 4244 coniunctionem
2556 4175 2609 4230 R
2666 4175 3115 4230 coniunctionem
3154 4175 3217 4228 F

651 4247 938 4304 iunctione
979 4247 1026 4304 G-
1055 4251 1074 4320 Ι]
1099 4247 1402 4318 impeditus
1439 4247 1558 4302 Ro
1605 4247 1886 4318 inpeditus
1927 4247 2001 4302 M
2054 4247 2275 4316 peditus
2306 4245 2367 4300 F
2414 4247 2669 4316 perditur
2698 4247 2747 4302 G
2774 4247 2793 4316 ΙΙ
2822 4247 2947 4318 nee]
2984 4265 3099 4302 non
3138 4247 3215 4302 M

653 4319 674 4392 [l
713 4325 778 4376 10
819 4319 1204 4388 conrumpitur
1231 4319 1350 4374 FO
1369 4321 1386 4390 ΙΙ
1417 4325 1482 4372 12
1519 4319 1764 4376 resoluet
1795 4319 1902 4374 AS
1958 4319 2249 4392 resolujssit
2278 4319 2347 4372 H
2376 4319 2687 4388 (resoluant
2720 4319 2891 4386 fuisse
2930 4319 3163 4384 videtur)
3194 4319 3209 4390 {¹

657 4397 724 4446 13
759 4389 902 4444 nihil
939 4409 1038 4460 per
1079 4409 1134 4446 se
1175 4393 1250 4444 M
1255 4391 1378 4446 ΕΘ
1405 4392 1424 4461 Ι]
1453 4391 1510 4446 et
1545 4409 1644 4446 om.
1671 4391 1926 4444 ASRH
1945 4393 1965 4462 Ι]
1994 4397 2061 4444 14
2098 4389 2441 4446 eontrarium
2474 4389 2729 4446 ASRH
2756 4391 3207 4460 mythoqraphusz

653 4465 976 4518 contactum
1015 4463 1090 4514 M
1097 4463 1156 4514 F
1165 4463 1218 4514 G
1257 4465 1618 4528 ‘contractum
1657 4463 1708 4516 Ο
1729 4465 1744 4532 ΙΙ
1775 4469 1842 4514 15
1877 4463 2123 4516 uidimus
2162 4461 2285 4514 ΕΘ
2314 4463 2333 4534 ΙΙ
2356 4465 2423 4516 ut
2458 4479 2559 4518 om.
2588 4463 2639 4516 G·
2678 4467 2727 4516 et
2762 4461 3207 4532 mythoqraphm,

649 4535 882 4600 fortasse
917 4539 1054 4588 ‘recte
1095 4535 1112 4604 ΙΙ
1153 4535 1222 4588 ut
1255 4573 1266 4584 .
1299 4575 1312 4588 .
1345 4577 1356 4588 .
1397 4535 1504 4604 est]
1543 4537 1612 4588 ut
1641 4535 1872 4588 lucerna
1909 4549 2009 4602 per
2048 4549 2103 4586 se
2142 4535 2297 4588 clara
2334 4535 2419 4586 est
2458 4535 2533 4586 M
2576 4536 2591 4604 ΙΙ
2650 4539 2715 4586 16
2752 4533 2803 4586 si
2838 4549 2951 4600 qua
2984 4533 3071 4602 re]
3108 4535 3211 4600 qui

649 4609 802 4658 recte
841 4605 906 4658 H
927 4606 946 4676 u
979 4609 1042 4660 18
1081 4607 1352 4674 apparent
1387 4603 1568 4660 FGG
1589 4607 1606 4676 ΙΙ
1635 4611 1702 4658 19
1737 4605 1822 4658 ita
1857 4619 1959 4658 om,
1994 4605 2069 4658 M
2094 4607 2209 4678 1120
2242 4605 2303 4658 in
2338 4607 2447 4660 hoc
2482 4619 2717 4674 corpore
2754 4601 2803 4656 Ο
2822 4603 2841 4672 ΙΙ
2868 4603 3205 4672 contagione

3060 4687 3163 4716 cum

653 4729 700 4784 S
709 4729 772 4784 H
825 4727 1274 4798 coniugationem
1319 4727 1364 4784 G
1383 4731 1402 4798 ΙΙ
1433 4729 1602 4784 simul
1635 4729 1832 4796 atque]
1867 4731 1932 4780 at
1966 4747 2093 4782 eum
2130 4731 2187 4784 A
2222 4727 2645 4798 mythoyraphus
2702 4725 2867 4778 simul
2906 4729 3077 4796 atque
3164 4727 3209 4782 S

649 4799 820 4854 simul
857 4803 1088 4868 atquam
1123 4799 1242 4856 FG
1269 4801 1288 4870 ΙΙ
1331 4805 1392 4854 21
1437 4799 1648 4870 recepit
1685 4799 1866 4854 FGO
1887 4799 1906 4868 ΙΙ
1952 4805 2015 4852 22
2056 4799 2267 4870 recepit
2306 4797 2479 4852 FGO
2502 4799 2521 4866 ΙΙ
2560 4811 2719 4850 suam
2756 4797 2879 4852 hab.
2924 4797 2993 4864 0,
3034 4799 3207 4854 edidit

649 4871 964 4940 Stephanus
1011 4874 1032 4941 ΙΙ
1087 4871 1212 4938 fort.
1249 4871 1378 4926 ideo
1427 4871 1562 4940 quia,
1605 4889 1694 4924 res
1733 4889 1850 4924 non
1893 4877 2085 4938 potest
2120 4867 2567 4988 deposffaiigffess
2584 4883 2673 4934 re,
2718 4883 2861 4936 quae
2900 4869 3071 4922 simul
3104 4871 3203 4924 diu

649 4991 784 5060 fuit,
825 4997 1012 5048 statim
1051 5013 1092 5050 e.
1129 5011 1180 5064 q.
1219 5011 1258 5050 s.
1289 4997 1310 5064 Ι]
1345 5001 1412 5048 23
1451 4997 1574 5064 ipsa
1609 5011 1708 5048 om.
1747 4993 1852 5062 1111
1895 4999 1963 5046 24
2000 4995 2075 5046 ad
2112 5013 2267 5048 suam
2312 4991 2583 5060 originem
2612 4991 2691 5046 M
2722 4993 2771 5058 (t
2810 4993 3059 5064 vigorem
3084 4991 3161 5064 m)
3186 4993 3205 5064 Η

649 5065 860 5118 reuerti
893 5067 1132 5120 nitorem
1171 5067 1228 5120 R
1261 5069 1282 5136 ΙΙ
1329 5067 1594 5138 speciem]
1633 5065 1995 5132 margaritam
2034 5063 2459 5136 mythoyraphus
