3900 5784
779 621 864 684 64
1911 613 2153 668 SERVII

955 779 1100 844 409.
1179 793 1464 862 FATALIS
1493 793 1752 868 vlnGAE
1793 781 1862 840 ut
1891 775 2105 860 <146>
2146 775 2533 856 sequetur,
2578 775 2641 838 si
2686 777 2761 838 te
2794 773 2963 838 fata
2998 779 3289 838 vocant.

863 901 1098 948 LONGO
1139 899 1310 948 Pos'r
1355 887 1466 948 aut
1515 883 1880 948 adverbium
1927 887 2041 966 est,
2086 883 2197 946 aut
2244 879 2629 968 praepositio
2666 883 2923 966 antique
2972 881 3201 964 posita.

955 991 1100 1054 411.
1177 1005 1342 1054 IVGA
1399 1011 1624 1072 graece
1681 991 1866 1054 dixit:
1923 983 2077 1072 ζυγὰ
2140 989 2305 1054 enim
2362 987 2575 1052 dieunt
2638 1013 2793 1072 quae
2850 993 3133 1052 transtra
3172 1011 3289 1052 no-

779 1099 1110 1160 minamus.
1209 1143 1220 1156 ,

559 1229 566 1234 ·
639 1247 642 1250 .
713 1213 742 1260 5
957 1201 1100 1266 412.
1177 1219 1542 1280 LAXATQVE
1587 1219 1808 1268 FOROS
1853 1203 2149 1266 tabulata
2194 1205 2449 1286 vacuat,
2496 1205 2565 1264 ut
2616 1225 2803 1286 supra
2854 1201 2953 1288 <V
2998 1201 3163 1288 552>
3216 1207 3287 1266 et

779 1329 1082 1390 campos
1147 1309 1362 1372 iubet
1431 1333 1590 1374 esse
1657 1313 2037 1394 patentes:
2102 1309 2511 1374 multitudine
2572 1309 2743 1372 enim
2796 1315 3047 1376 remota
3108 1311 3287 1396 quasi

775 1417 1082 1478 laxantur
1125 1417 1346 1498 spatia.
1493 1433 1722 1480 ALVEO
1771 1417 2047 1480 fluminis
2092 1417 2349 1482 scilicet.
2386 1447 2391 1450 ·
2426 1417 2491 1480 et
2534 1439 2647 1498 per
2688 1417 3059 1498 synaeresin
3100 1415 3285 1482 ‘alvo'

759 1521 930 1588 facit.
1863 1585 1868 1592 .
2660 1593 2663 1596 ,

807 1709 814 1714 .
909 1629 1054 1692 413.
1129 1645 1504 1692 ΙΝΘΕΝΤΕΜ
1541 1647 1828 1694 ΑΕΝΕΑΝ
1889 1631 2047 1694 bene
2102 1631 2273 1694 hunc
2326 1629 2533 1694 solum
2594 1629 2775 1712 dicit,
2830 1633 2905 1694 ut
2948 1651 3067 1714 per
3112 1633 3283 1720 tran-

603 1745 672 1792 10
705 1735 902 1802 situm
971 1735 1276 1798 ostendat
1335 1735 1740 1820 purgatioris
1801 1733 2011 1798 animi
2076 1735 2371 1798 homines
2436 1735 2661 1818 etiam·
2704 1755 2977 1816 corpora
3040 1735 3277 1798 habere

649 1917 652 1920 ⁴
701 1843 980 1906 leviora:
1033 1841 1204 1926 quod
1257 1839 1330 1904 de
1383 1837 1638 1924 Sibylla
1679 1843 1826 1906 vult
1875 1841 2101 1924 aecipi.

881 1949 1028 2014 414.
1065 1987 1068 1990 -
1105 1965 1376 2014 sv‘rims
1415 1949 1702 2014 intexta:
1751 1969 1868 2032 per
1911 1947 2083 2032 quod
2132 1947 2427 2032 fragilem
2482 1947 2781 2012 ostendit.

879 2055 1028 2118 415.
1105 2073 1398 2120 TANDEM
1431 2061 1548 2120 aut
1585 2059 1856 2140 propter
1891 2055 2147 2138 pondus
2176 2053 2465 2136 Aeneae,
2512 2053 2677 2136 quod
2722 2057 2821 2116 est
2862 2053 3123 2116 melius:
3166 2041 3279 2116 aut

699 2165 966 2246 propter
1013 2161 1272 2242 paludis
1317 2161 1870 2244 magnitudinem:
1917 2167 2031 2224 aut
2076 2163 2347 2244 propter
2392 2159 2573 2222 caeni
2622 2159 3029 2224 densitatem.

597 2277 666 2328 15
885 2267 1032 2330 416.
1109 2261 1410 2332 INFORMI
1443 2287 1620 2332 LIMO
1659 2287 1926 2352 magn0‚
1980 2269 2119 2332 sine
2154 2267 2383 2332 forma.
2520 2283 2707 2330 VLVA
2746 2265 2947 2328 herba
2986 2265 3279 2348 palustri.

881 2373 1032 2436 418.
1107 2389 1470 2440 PERSONAT
1531 2377 1646 2438 aut
1695 2395 2051 2458 personare
2080 2373 2281 2438 ‘facitz
2342 2375 2453 2434 aut
2494 2393 2617 2456 per
2660 2391 2869 2454 regna
2912 2373 3123 2434 sonat.
3220 2375 3283 2434 et

699 2479 856 2566 quia
903 2479 978 2542 de
1029 2479 1374 2544 animabus
1413 2479 1702 2544 dicturus
1745 2483 1872 2560 est,
1915 2479 2079 2542 bene
2122 2479 2275 2542 facit
2314 2479 2467 2540 ante
2506 2475 2771 2542 Cerberi
2814 2499 3275 2542 commemora-

697 2589 976 2670 tionem,
1033 2587 1520 2668 consumptoris
1575 2607 1946 2668 corporum:
2020 2583 2317 2650 Lucanus
2372 2581 2511 2668 <VI
2560 2583 2735 2668 702>
2790 2585 2919 2668 qui
2980 2583 3283 2650 viscera

699 2715 936 2760 saevo
987 2695 1296 2778 spargis
1341 2697 1618 2760 nostra
1665 2693 1856 2758 cani.
1927 2695 2087 2758 tunc
2138 2693 2305 2756 enim
2350 2689 2605 2754 animae
2644 2691 2857 2756 locum
2896 2689 3087 2756 suum
3130 2693 3283 2756 reei-

589 2811 660 2860 20
695 2799 916 2884 piant,
963 2821 1110 2862 eum
1157 2799 1356 2864 fuerit
1405 2821 1638 2884 eorpus
1683 2799 2123 2882 absumptum.
2730 2879 2741 2888 ‚

879 2905 1030 2970 419.
1105 2923 1436 2970 HORRERE
1479 2919 1740 2970 vaNs
1779 2921 1904 2968 IAM
1941 2923 2175 2970 connA
2226 2919 2569 2968 convmus
2620 2905 2893 2990 fingitur
2936 2905 3111 2968 enim
3158 2927 3279 2988 pro

701 3013 902 3076 saetis
945 3011 1190 3076 habere
1241 3015 1592 3096 serpentes.
1689 3013 1758 3074 et
1799 3015 1902 3076 est
1954 3013 2335 3100 hypallage:
2394 3011 2461 3074 in
2520 3013 2683 3076 collo
2736 3011 2875 3076 eius
2918 3011 3283 3076 horrebant

699 3119 1028 3182 colubrae.
1389 3183 1392 3186 ,

879 3223 1028 3288 420.
1105 3241 1340 3288 OFFAM
1389 3223 1542 3288 hine
1591 3225 1690 3288 est
1739 3223 2079 3292 diminutio
2134 3223 2421 3308 ‘ofella'3
2482 3223 2591 3288 sed
2642 3223 2731 3288 ‘f’
2780 3247 2909 3290 non
2958 3225 3277 3310 geminat:

589 3343 662 3390 25
699 3333 772 3394 in
819 3327 1250 3394 diminutione
1305 3331 1478 3394 enim
1535 3331 1912 3414 plerumque
1972 3335 2181 3398 multa
2244 3335 2595 3396 mutantur.
2686 3331 2861 3416 quod
2920 3335 3135 3394 autem
3182 3333 3281 3394 ait

693 3433 972 3516 ‘melle',
1039 3435 1286 3502 adlusit
1329 3437 1414 3500 ad
1459 3459 1760 3522 corpora,
1815 3461 1983 3522 quae
2038 3441 2419 3522 plerumque
2468 3459 2615 3522 cum
2658 3439 2849 3502 melle
2898 3439 3277 3502 obruuntur.

837 3633 874 3680 3
911 3643 1114 3698 graece
1155 3669 1208 3682 ..
1245 3671 1256 3682 .
1293 3629 1676 3700 nominamus]
1727 3631 1794 3686 ef.
1833 3631 1963 3684 Isid.
2008 3647 2081 3686 or.
2124 3631 2255 3686 XIX
2292 3637 2343 3698 2,
2386 3635 2415 3684 ὅ
2460 3631 2481 3700 ΙΙ
2536 3635 2565 3682 5
2606 3631 2869 3686 tabulata
2906 3647 2951 3684 e.
2996 3649 3045 3698 q.
3086 3633 3155 3704 8.]
3206 3633 3277 3688 ef.

693 3697 824 3752 Isid.
869 3715 942 3752 or.
979 3697 1114 3752 XIX
1151 3703 1200 3766 2,
1239 3705 1274 3752 2

847 3865 876 3910 1
917 3859 1200 3928 sequetur]
1243 3859 1494 3912 secutum
1533 3861 1638 3912 eet·
1659 3859 1716 3914 F
1751 3865 1770 3930 ΙΙ
1811 3863 2039 3916 uocanti
2074 3863 2137 3916 F
2176 3865 2195 3932 ΙΙ
2254 3869 2283 3916 2
2320 3865 2421 3916 aut
2454 3861 2785 3916 aduerbium
2824 3863 2913 3916 est
2948 3863 3079 3926 ante
3118 3879 3277 3930 prae-

697 3929 912 4000 positio
945 3929 1140 3998 posita
1175 3929 1406 3998 antique
1443 3931 1494 3984 Ο
1527 3931 1546 4000 ΙῙ
1587 3933 1810 4002 antiqui
1847 3931 1912 3988 F
1939 3935 1959 4002 l}
2008 3933 2221 4006 posita]
2262 3935 2319 3988 ut
2358 3931 2417 3988 in
2452 3931 2727 3988 bucolicis
2768 3933 2811 4000 (I
2852 3933 2941 4002 29)
2986 3933 3067 3988 ‘et
3104 3933 3277 4000 longo

697 4000 828 4076 post
865 4003 1118 4072 tempore
1159 4001 1334 4054 uenit'
1381 4003 1512 4056 add.
1547 4001 1624 4058 D.
1701 4021 2027 4072 quanquam
2070 4005 2353 4066 ablatiuus
2404 4021 2561 4060 casus
2620 4007 2703 4060 est
2744 4021 3031 4060 excessum
3068 4003 3277 4074 signifi·
3390 4045 3395 4050 .

697 4089 858 4126 cans:
903 4073 966 4124 ut
1007 4071 1208 4126 ‘multo
1251 4071 1406 4126 ante'
1445 4075 1506 4126 et
1545 4075 1748 4130 ‘multo
1785 4075 1934 4144 post'
1980 4079 2107 4132 add.
2152 4075 2455 4132 Faba-icius
2502 4078 2521 4145 ΙΙ
2572 4081 2605 4128 3
2650 4075 2809 4144 Gyga
2846 4075 2905 4128 R
2956 4075 3095 4144 giga
3132 4075 3283 4128 HM

697 4143 828 4212 ziga
863 4141 988 4194 AO-
1011 4145 1032 4214 ΙΙ
1071 4141 1332 4196 dicuntur
1373 4141 1494 4198 FO
1521 4147 1542 4214 ΙΙ
1583 4146 1758 4217 quae]
1797 4163 1938 4216 quae
1974 4165 2075 4200 nos
2116 4147 2191 4212 F,
2228 4165 2325 4202 om.
2372 4147 2419 4202 Ο
2446 4147 2467 4216 ss
2512 4147 2729 4200 transta-
2774 4147 2835 4198 H
2866 4147 2885 4216 11
2922 4145 3277 4198 nominamus

699 4283 804 4318 om.
835 4265 984 4332 0115
1025 4279 1206 4318 uacua
1235 4265 1298 4318 F
1315 4263 1556 4336 usupra]
1597 4271 1730 4322 sunt
1757 4267 1870 4322 AS
1905 4271 2095 4336 (supra
2128 4273 2209 4338 a),
2248 4285 2347 4324 om.
2384 4267 2427 4322 Ο
2450 4271 2467 4338 ΙΙ
2500 4275 2533 4322 6
2566 4269 2725 4322 iuuet
2764 4267 2883 4320 FO
2902 4267 2921 4337 ΙΙ
2948 4273 2981 4320 ’7
3022 4233 3239 4322 ΑῙΝΕΟΟ
3262 4273 3275 4342 Η

701 4339 770 4390 ut
803 4351 906 4402 per
933 4335 986 4388 A
1029 4339 1106 4404 (et
1143 4351 1244 4402 per
1283 4339 1334 4404 a)
1363 4339 1386 4404 ΙΙ
1413 4341 1442 4388 9
1481 4337 1612 4390 huic
1643 4339 1752 4392 AS
1787 4339 1957 4408 (hunc
1986 4343 2045 4408 a)
2070 4343 2089 4407 ΙΙ
2120 4339 2283 4408 dicit]
2320 4339 2609 4408 ingentem
2650 4339 2777 4392 add.
2800 4339 2877 4390 M
2900 4341 2919 4408 fl
2946 4345 3011 4392 11
3054 4339 3277 4408 sybylla

681 4405 762 4458 R
817 4405 1008 4460 sibilla
1047 4405 1110 4462 H
1163 4405 1366 4474 sybilla
1409 4407 1480 4458 M
1539 4407 1682 4474 sylla
1717 4409 1782 4462 F
1827 4409 2041 4476 sybilla
2076 4411 2125 4464 (J
2158 4413 2175 4480 ΙΙ
2214 4417 2279 4462 12
2318 4427 2531 4462 sva-vm·
2568 4409 2613 4462 S
2648 4411 2665 4478 11
2702 4409 2971 4480 ostendit]
3016 4411 3277 4464 ostendat

705 4477 818 4530 AS
853 4481 1014 4544 (corr.
1053 4481 1126 4546 a).
1191 4495 1386 4532 RIMOSA
1423 4475 1590 4546 plena
1625 4477 1782 4532 rimis
1817 4481 1946 4534 add.
1988 4481 2293 4536 Fabrieiws
2332 4479 2353 4546 ΙΙ
2402 4483 2467 4532 14
2508 4483 2627 4534 ceni
2666 4479 2719 4534 R
2766 4483 2785 4550 ss
2830 4485 2901 4534 15
2936 4481 3199 4548 palustris
3238 4499 3277 4534 a

707 4549 1002 4618 palustris,
1053 4567 1182 4604 cum
1227 4549 1446 4602 marina
1495 4549 1714 4604 dicatur
1761 4551 1916 4620 alga,
1968 4555 2037 4606 ut
2074 4553 2281 4608 ‘illisae
2314 4549 2571 4604 cautibus
2612 4551 2797 4620 algae’
2838 4551 3145 4606 Fabricius
3180 4553 3271 4618 (ef.

707 4621 846 4676 Aen.
885 4619 986 4674 VII
1019 4627 1122 4678 590
1167 4621 1450 4690 ‘laterique
1483 4621 1658 4674 inlisa
1691 4623 2015 4688 refunditur
2052 4625 2201 4694 alya'
2244 4627 2293 4676 et
2326 4621 2461 4674 Luc.
2504 4621 2579 4674 VI
2610 4629 2707 4678 691
2758 4625 2825 4676 ‘et
2856 4623 3123 4690 planctus
3156 4623 3269 4676 mi-

673 4707 802 4744 *sae
837 4693 1092 4748 cautibus
1125 4693 1356 4760 undae')
1383 4696 1404 4760 ΙΙ
1433 4697 1496 4744 17
1539 4691 1874 4746 animalibus
1907 4693 1967 4746 F
1988 4693 2011 4762 ΙΙ
2036 4695 2177 4750 bene
2212 4691 2353 4744 facit
2392 4693 2523 4746 ante
2558 4695 2773 4748 eei-ueri
2808 4693 3151 4746 mentionem
3182 4693 3231 4744 O
3252 4693 3271 4762 Η

713 4765 780 4816 18
819 4765 1280 4834 consumptorum
1317 4763 1428 4818 AS
1465 4765 1624 4828 (corr.
1665 4765 1718 4832 a)
1779 4767 2185 4834 consumpturis
2224 4763 2285 4816 F
2306 4765 2325 4830 11
2352 4761 2565 4818 uiscere
2606 4763 2667 4816 F
2684 4767 2703 4832 ΙΙ
2746 4771 2809 4816 19
2848 4779 2983 4816 seuo
3022 4761 3077 4816 R
3134 4777 3267 4818 reuo

713 4833 782 4888 H
801 4835 822 4900 11
847 4835 1064 4904 spargit
1099 4837 1176 4888 M
1199 4837 1218 4902 ΙΙ
1245 4835 1398 4888 canit
1433 4833 1490 4888 F
1499 4835 1566 4888 H
1587 4835 1606 4904 ΙΙ
1635 4837 1768 4888 tunc
1803 4835 2023 4888 animae
2062 4837 2207 4890 enim
2242 4831 2289 4888 S
2306 4834 2327 4906 ΙΙ
2356 4837 2425 4886 20
2462 4835 2819 4904 adsumptum
2854 4833 2923 4886 H
2940 4837 2959 4900 ss
2988 4839 3055 4888 22
3094 4835 3267 4888 saetis

715 4903 922 4960 ASH:
951 4905 1086 4960 setis
1111 4907 1174 4960 id
1201 4909 1290 4960 est
1313 4905 1442 4974 pilis
1461 4905 1518 4960 R
1553 4903 1686 4974 pilis
1701 4905 1902 4960 FGM
1927 4908 1944 4976 ΙΙ
1970 4913 2041 4960 23
2062 4903 2275 4962 colubri
2294 4903 2347 4954 R
2374 4905 2397 4971 ΙΙ
2422 4909 2491 4956 24
2522 4907 2605 4960 est
2624 4905 2809 4960 Asc:
2840 4907 2927 4958 est
2952 4905 3013 4958 et
3032 4903 3265 4972 BHM,

717 4993 820 5032 om.
839 4975 900 5030 F
921 4977 942 5044 ΙΙ
969 4975 1280 5030 deminutio
1309 4975 1426 5030 FO
1473 4975 1898 5030 diminutionem
1931 4977 1999 5030 H
2020 4981 2039 5044 ΙΙ
2068 4977 2237 5032 ofella
2278 5017 2287 5026 .
2320 5017 2329 5026 .
2364 5013 2377 5024 .
2416 4973 2677 5030 diminuti
2716 4993 2787 5030 ne
2822 4991 2923 5028 om.
2944 4975 3015 5026 H
3028 4979 3051 5048 ΙΙ
3078 4975 3269 5030 offella

719 5047 762 5104 S
789 5051 810 5118 ΙΙ
837 5047 1150 5116 geminatur
1189 5047 1304 5100 FO
1331 5049 1350 5116 u
1391 5053 1462 5102 25
1497 5047 1878 5104 deminutione
1921 5047 1977 5102 F
2008 5049 2029 5116 ΙΙ
2070 5053 2139 5104 26
2180 5061 2301 5100 cum
2338 5059 2439 5098 om.
2482 5045 2533 5098 Ο
2558 5049 2575 5113 ΙΙ
2620 5047 2685 5100 ob
2716 5047 2947 5116 uuntur]
2986 5065 3267 5102 municius

2662 5153 2701 5308 s
