3900 5784
1249 633 1474 690 COMM.
1517 635 1592 690 IN
1633 629 1848 688 VERG.
1889 629 2053 684 AEN.
2096 631 2199 686 VII
2238 639 2535 686 396—422.
3030 625 3155 690 157

601 797 852 860 Italicis
903 797 1170 862 urbibus
1219 799 1300 862 ab
1349 799 1622 882 augurio
1669 797 1804 862 avis
1859 795 2085 860 ardeae
2134 795 2391 860 dictam·
2418 795 2597 860 velit.
2674 793 2837 858 illud
2882 813 3159 874 namque

603 903 816 968 Ovidii
865 905 934 968 in
981 903 1576 988 metamorphoseos
1631 901 1830 988 <XIV
1879 903 2049 986 574>
2096 899 2467 966 fabulosum
2516 905 2639 986 est,
2698 903 3029 968 incensam
3078 897 3157 962 ab

601 1009 970 1074 Hannibale
1021 1011 1300 1074 Ardeam
1347 1011 1416 1074 in
1461 1011 1634 1076 hanc
1675 1035 1864 1078 avem
1907 1031 2047 1076 esse
2090 1029 2489 1074 conversam.
2560 1011 2891 1074 sciendum
2938 1009 3161 1072 tamen

603 1115 864 1182 ardeam
919 1137 1090 1182 avem
1153 1113 1318 1182 κατὰ
1379 1113 1784 1202 ἆντίφρασιν
1849 1119 2117 1200 dictam,
2188 1113 2363 1200 quod
2422 1113 2745 1180 brevitate
2798 1137 3157 1198 pennarum

605 1225 802 1288 altius
849 1247 980 1290 non
1029 1227 1230 1292 volat:
1281 1223 1576 1290 Lucanus
1627 1227 1732 1308 <V
1769 1223 1940 1308 553>
1992 1223 2343 1310 quodque
2390 1243 2579 1286 ausa
2624 1223 2883 1286 volare
2930 1221 3159 1286 ardea
3200 1243 3233 1290 5

605 1331 962 1396 sublimis
1013 1353 1306 1416 pennae
1357 1333 1658 1398 confisa
1703 1331 2031 1396 natanti.

781 1437 928 1504 416.
1003 1457 1294 1506 MEMBRA
1339 1459 1548 1506 EXVIT
1609 1443 1770 1504 bene
1817 1435 2085 1502 eexuit':
2138 1459 2291 1500 nam
2342 1435 2427 1500 dii
2480 1457 2621 1500 cum
2668 1437 2895 1500 volunt
2938 1437 3161 1516 videri,

603 1545 884 1610 induunt
907 1569 976 1612 se
1007 1547 1384 1632 corporibus
1411 1551 1678 1632 propter
1709 1545 2087 1608 mortalium
2118 1545 2367 1628 oculos;
2402 1565 2553 1608 nam
2584 1541 2953 1624 incorporei
2992 1543 3159 1606 sunt.

779 1653 928 1720 417.
1005 1671 1226 1720 ALBOS
1275 1671 1414 1720 CVM
1459 1671 1678 1718 VITTA
1725 1653 1786 1716 id
1837 1655 1936 1716 est
1988 1651 2183 1716 etiam
2232 1653 2429 1716 vittas
2482 1651 2679 1716 albas.

781 1761 928 1828 418.
1003 1779 1254 1826 RAMVM
1285 1777 1628 1824 INNECTIT
1663 1775 1924 1824 OLIVAE
1970 1761 2079 1832 aut
2118 1779 2417 1824 coronam
2462 1757 2723 1842 accipit:
2760 1759 2875 1818 aut
2910 1775 3159 1818 ramum

601 1865 838 1952 inligat
869 1869 1066 1952 vittis,
1097 1869 1270 1952 quod
1297 1871 1518 1952 aperte
1545 1867 1618 1932 in
1647 1869 1876 1932 octavo
1909 1865 2191 1932 ostendit
2212 1865 2425 1950 (128)
2460 1869 2529 1930 et
2572 1865 2773 1930 vitta
2814 1865 3161 1946 comptos

605 1973 862 2040 voluit
919 1977 1430 2058 praetendere
1499 1995 1768 2040 ramos
1863 1995 2057 2058 supra
2114 1973 2313 2040 etiam
2372 1971 2591 2056 <237>
2646 1969 3163 2056 praeferimus

607 2079 958 2146 manibus
1007 2083 1270 2148 vittas
2518 2133 2521 2136 .

663 2233 668 2238 ,
781 2187 928 2254 419.
1001 2205 1284 2256 IVNONIS
1333 2205 1510 2256 Anvs
1555 2205 1965 2268 TEMPLIQVE
2010 2203 2367 2252 SAoERDos
2414 2187 2561 2250 ordo
2608 2189 2721 2270 est,
2762 2189 2837 2248 ut
2870 2181 3161 2248 ‘Iunonis

607 2293 836 2376 templi
885 2319 1042 2360 anus
1093 2295 1440 2364 sacerdos'.

783 2403 932 2466 421.
1005 2419 1220 2468 Fvsos
1267 2421 1570 2468 PATIERE
1621 2419 1930 2470 LABORES
1982 2403 2231 2466 Probus
2278 2401 2357 2464 de
2402 2403 2769 2484 temporum
2818 2397 3167 2464 conexione

607 2507 904 2572 libellum
949 2511 1336 2592 composuit,
1383 2511 1454 2574 in
1491 2533 1618 2596 quo
1653 2510 1870 2596 docet,
1915 2511 2087 2596 quod
2126 2511 2229 2576 cui
2264 2507 2499 2572 debeat
2534 2505 3027 2572 accommodari.
3092 2523 3167 2566 ex

609 2637 736 2700 quo
791 2613 1240 2698 intellegimus
1295 2615 1468 2680 lianc
1521 2639 1716 2700 quam
1767 2615 1924 2704 fecit
1986 2617 2251 2680 arduam
2310 2635 2451 2678 esse
2504 2613 2953 2680 conexionem:
3012 2631 3167 2676 nam

607 2705 912 2804 ‘patiere'
961 2721 1162 2786 futuri
1211 2721 1516 2806 temporis
1581 2727 1708 2808 est,
1763 2717 2003 2788 ‘fusos’
2052 2743 2207 2786 vero
2260 2721 2677 2804 participium
2732 2721 2833 2784 est
2882 2721 3167 2804 praeter-

3208 1777 3269 1824 10

3210 2307 3271 2356 15

605 2829 782 2894 itum.
861 2827 1018 2892 dicit
1063 2829 1304 2892 autem:
1355 2829 1622 2912 patieris
1669 2831 1744 2892 ut
1785 2831 1888 2894 tot
1933 2827 2027 2892 tui
2076 2827 2335 2892 labores
2382 2827 2741 2892 fundantur
2786 2827 2855 2892 in
2892 2847 3167 2904 cassum,
3206 2845 3275 2892 20

605 2933 668 2998 id
721 2935 820 3000 est
865 2937 932 2998 in
987 2935 1244 3000 irritum
1299 2935 1580 3000 cadant?
1639 2935 1971 3000 incassum
2024 2939 2243 2998 autem
2300 2937 2585 2998 tractum
2630 2937 2729 3000 est
2774 2955 2815 2998 a
2860 2931 3171 3014 cassibuS,

607 3041 670 3106 id
723 3043 822 3106 est
871 3063 908 3108 a
953 3041 1218 3108 retibus

781 3147 932 3214 422.
1007 3165 1420 3216 TRANSCRIBI
1469 3151 1654 3216 tradi.
1735 3171 1948 3224 sermo
1998 3153 2219 3214 autem
2262 3149 2369 3214 llic
2414 3153 2661 3214 tractus
2710 3151 2815 3212 est'
2856 3147 2933 3212 de
2978 3169 3171 3232 pecu-

607 3255 744 3342 nia,
787 3277 942 3320 nam
991 3255 1248 3322 ‘scribi'
1297 3261 1396 3322 est
1445 3257 1614 3322 dari:
1665 3255 1981 3322 Horatius
2030 3257 2281 3322 scribe
2330 3257 2585 3320 decem
2630 3279 2671 3320 a
2708 3253 2973 3320 Nerio:
3018 3275 3173 3320 non

611 3365 728 3428 est
775 3362 998 3428 satis:
1045 3363 1234 3428 adde
1279 3361 1622 3428 Cicutae:
1669 3361 2009 3430 ‘rescribi'
2060 3385 2213 3430 vero
2254 3363 2465 3428 reddi:
2512 3363 2827 3428 Horatius
2872 3363 3171 3428 dictan-
3210 3379 3275 3430 25

613 3471 718 3536 tis
763 3471 968 3552 quod
1013 3473 1096 3534 tu
1139 3493 1542 3556 numquam
1591 3471 2025 3538 rescribere
2074 3471 2351 3556 possis.

755 3651 824 3700 16
859 3621 1102 3716 Probus]
1133 3647 1204 3702 cf.
1225 3645 1352 3702 Keil
1379 3647 1448 3702 de
1477 3645 1548 3702 M.
1571 3647 1696 3702 Val.
1719 3647 1898 3702 Probo
1931 3663 2163 3716 gramm.
2198 3647 2397 3718 (symb.
2430 3645 2487 3700 in
2516 3647 2641 3702 hon.
2664 3645 2897 3716 Ritsch.)
2922 3665 2975 3716 p.
2996 3651 3069 3700 94
3088 3663 3171 3714 sq.

615 3717 874 3788 Steupius
911 3717 982 3774 de
1017 3717 1216 3772 Probis
1251 3737 1306 3788 p.
1351 3721 1498 3786 18011
1537 3725 1604 3772 23
1641 3735 1826 3772 sermo
1865 3725 2057 3772 autem
2098 3735 2141 3772 e.
2186 3735 2235 3786 q.
2276 3719 2343 3788 6.]
2384 3717 2455 3774 cf.
2492 3717 2633 3774 Don.
2672 3719 2743 3772 acl
2784 3719 2909 3772 Ter.
2948 3717 3171 3772 Phorm.

611 3789 660 3846 V
699 3795 732 3844 8
769 3789 868 3860 (7),
905 3795 976 3844 29
1019 3790 1040 3858 ΙΙ
1087 3795 1152 3842 24
1193 3789 1480 3858 Horatius]
1515 3791 1618 3846 sat.
1657 3789 1714 3840 Π
1747 3793 1800 3856 3,
1843 3795 1906 3844 69
1958 3793 1975 3859 ΙΙ
2008 3795 2091 3842 ,25
2126 3789 2421 3858 Horatius]
2462 3791 2563 3844 sat.
2602 3789 2657 3842 II
2696 3795 2741 3858 3,
2786 3795 2849 3844 '76

759 3955 786 4002 1
829 3949 1028 4002 ardeae
1057 3947 1166 4002 AS
1175 3947 1304 4002 RF
1313 3969 1326 4002 z
1363 3947 1594 4002 ardeam
1617 3947 1752 4000 ΕΗ
1757 3947 1834 4000 Μ
1855 3950 1876 4020 ΙΙ
1903 3953 1936 4002 2
1974 3947 2033 4000 in
2072 3963 2169 4002 om.
2200 3949 2257 4002 F
2280 3951 2301 4016 ΙΙ
2328 3949 2843 4018 metamorphoseos
2876 3951 2963 4002 vel
2996 3949 3173 4002 meta-

615 4019 916 4074 morfoseos
957 4019 1090 4074 libri
1115 4025 1338 4088 praeter
1363 4019 1850 4090 Hamburyensem,
1887 4021 1987 4088 qui
2010 4019 2483 4074 metamorfosetis
2516 4021 2739 4074 emhibet.
2778 4021 2905 4086 fort.
2942 4021 2999 4074 in
3026 4017 3173 4076 XIV.

613 4091 1136 4162 metamorphoseon
1179 4093 1200 4158 ll
1243 4097 1276 4144 3
1315 4089 1618 4146 hannibale
1651 4089 1862 4146 ASRz
1915 4089 2183 4146 annibale
2218 4091 2435 4162 reliqui.
2496 4093 2689 4146 Aenea
2722 4091 2909 4146 debuit
2944 4093 3179 4146 scribere

613 4163 852 4220 Servius,
909 4165 978 4230 cf.
1015 4161 1326 4218 Salmasius
1361 4179 1528 4216 exerc.
1569 4161 1720 4218 Plin.
1751 4179 1816 4230 p.
1843 4169 1908 4218 41
1939 4165 1961 4232 ss
1988 4163 2215 4216 ardeam
2250 4165 2311 4218 et
2342 4163 2405 4216 iu
2442 4163 2587 4218 hanc
2626 4163 2703 4216 M
2724 4164 2743 4234 ΙΙ
2788 4167 2825 4218 4
2860 4167 2989 4218 cata
3028 4161 3173 4218 anti-

613 4235 788 4290 frasin
825 4233 1136 4290 ASRLH
1187 4233 1576 4288 catantifmsin
1611 4233 1690 4288 M
1695 4233 1754 4288 F
1803 4236 1822 4305 ΙΙ
1871 4235 2175 4304 pinnarum
2212 4233 2281 4288 H
2288 4233 2429 4288 MF
2468 4237 2489 4304 ΙΙ
2546 4241 2575 4290 5
2622 4233 2795 4290 altius
2832 4235 3025 4290 uolare
3064 4251 3175 4290 non

613 4307 808 4376 potest
841 4305 1136 4366 ASRFI,
1171 4305 1286 4360 nisi
1325 4305 1468 4374 quod
1501 4305 1680 4374 possit
1715 4305 1776 4358 F
1801 4309 1820 4374 ss
1845 4323 2069 4376 quoque
2104 4305 2219 4362 AS
2240 4309 2261 4376 11
2300 4313 2333 4362 6
2368 4305 2573 4376 pinnae
2610 4305 2743 4360 HF
2764 4309 2787 4374 ΙΙ
2816 4309 3025 4362 conflxe
3066 4305 3125 4360 F
3158 4307 3177 4378 ΙΙ

617 4383 648 4434 8
689 4376 1072 4446 corporalibus
1111 4375 1174 4430 F
1219 4377 1240 4446 ΙΙ
1293 4373 1640 4448 mortalium]
1687 4377 2019 4432 mortalibus
2060 4377 2103 4434 S
2138 4377 2301 4446 (corr.
2336 4379 2383 4446 s)
2426 4377 2563 4433 lium
2600 4421 2611 4432 .
2654 4419 2667 4432 .
2708 4419 2721 4432 .
2762 4381 2889 4434 sunt
2926 4395 3025 4434 om.
3066 4377 3125 4430 F
3158 4381 3177 4448 Η

619 4455 648 4502 9
687 4449 870 4520 albas]
927 4449 1072 4502 Nam
1109 4447 1222 4502 nisi
1255 4447 1438 4502 uittae
1475 4453 1660 4504 essent
1697 4447 1860 4504 albae
1899 4449 2051 4504 sicut
2084 4451 2145 4504 et
2182 4449 2357 4506 crines
2396 4467 2507 4504 non
2548 4449 2761 4504 diceret
2798 4449 2983 4506 induit
3018 4449 3177 4502 albos

617 4539 742 4574 cum
777 4521 926 4574 uitta
963 4521 1058 4574 sed
1095 4519 1278 4574 induit
1319 4519 1474 4574 albos
1513 4519 1694 4574 crines
1729 4519 1876 4574 uitta
1909 4521 1975 4574 in
2008 4537 2183 4590 mary.
2222 4523 2351 4578 add.
2390 4521 2411 4574 Z
2450 4523 2471 4590 ΙΙ
2518 4527 2585 4578 10
2618 4539 2911 4584 mvnqu
2948 4519 3119 4572 ASR
3158 4521 3177 4592 ΙΙ

619 4599 682 4644 11
721 4591 868 4660 ligat
893 4591 1072 4646 ΑΒΕ
1095 4593 1114 4660 ΙΙ
1141 4591 1336 4662 aperto
1365 4589 1430 4644 F
1451 4593 1468 4662 ss
1495 4591 1810 4648 ostenditur
1843 4591 1906 4644 F
1927 4593 1948 4662 ΙΙ
1974 4593 2057 4664 et]
2094 4595 2161 4646 ut
2196 4593 2249 4646 R
2306 4593 2369 4646 ut
2408 4597 2465 4648 et
2492 4593 2571 4646 M
2590 4595 2609 4662 ΙΙ
2642 4599 2705 4648 16
2744 4591 3037 4646 conixione
3066 4589 3125 4644 F
3162 4595 3175 4662 Η

577 4693 588 4704 ·
619 4669 686 4716 17
727 4663 876 4730 quod
911 4663 1042 4716 LH
1049 4663 1122 4716 M
1129 4683 1144 4716 t
1183 4661 1318 4732 quid
1353 4661 1624 4716 ASRFl
1651 4665 1670 4734 ΙΙ
1711 4667 1774 4716 18
1815 4663 2177 4718 conexioncm
2212 4681 2333 4718 esse
2372 4663 2437 4716 F
2456 4665 2473 4734 u
2504 4669 2571 4720 19
2606 4665 2763 4716 fusus
2802 4663 2859 4716 F
2882 4665 2903 4732 ΙΙ
2930 4669 2997 4716 20
3038 4661 3179 4716 dicit

617 4733 828 4802 autem]
877 4737 966 4794 est
1001 4737 1190 4788 autem
1227 4749 1420 4788 sensus
1459 4733 1726 4788 ASRFl
1759 4735 1780 4804 ss
1823 4735 2043 4802 patiere
2080 4735 2351 4790 ASRFl
2384 4737 2405 4806 ΙΙ
2450 4741 2515 4788 21
2558 4735 2789 4788 inritum
2824 4733 2885 4788 F
2920 4737 2939 4806 ΙΙ
2972 4735 3181 4788 cadant

615 4821 716 4860 om.
747 4803 814 4856 H
835 4808 856 4873 ΙΙ
881 4807 940 4860 et
973 4803 1226 4860 incusum
1251 4805 1492 4860 tractum
1525 4809 1612 4860 est
1639 4805 1708 4860 F
1723 4807 1744 4874 ΙΙ
1771 4821 1806 4860 a
1835 4803 2081 4860 cassibus
2118 4805 2181 4860 id
2208 4807 2297 4860 est
2324 4825 2357 4860 a
2384 4821 2483 4860 om.
2518 4807 2581 4860 F
2600 4809 2621 4876 ΙΙ
2648 4811 2715 4860 22
2746 4821 2783 4858 a
2810 4811 2937 4860 ante
2960 4805 3177 4860 retibus

619 4893 722 4930 om.
743 4875 878 4928 ΕΗ
907 4877 1060 4948 (add.
1089 4877 1126 4946 Ζ)
1155 4879 1178 4946 ΙΙ
1203 4875 1438 4946 retibus]
1477 4893 1618 4946 quae
1659 4893 1838 4932 casses
1873 4877 2147 4932 uocantur
2186 4879 2315 4932 add.
2342 4875 2517 4932 ΑΒΕ
2528 4877 2591 4930 F
2610 4877 2629 4944 ΙΙ
2674 4881 2737 4930 23
2780 4879 2835 4932 et
2870 4879 2957 4932 est
2992 4893 3179 4932 sermo

615 4947 834 5002 tractus
871 4947 940 5000 de
975 4951 1216 5016 pecunia
1249 4947 1550 5018 ASRFz,
1587 4949 1702 5004 nisi
1733 4947 1876 5016 quod
1915 4949 2085 5018 penia
2120 4947 2183 5002 F
2204 4953 2223 5020 ΙΙ
2258 4947 2463 5018 sermo]
2504 4951 2565 5002 et
2600 4965 2801 5002 sermo⁴
2822 4949 2897 5004 M
2916 4952 2937 5020 ΙΙ
2974 4955 3047 5004 24
3082 4947 3177 5002 de-

619 5017 766 5088 cem]
817 5017 948 5072 dote
983 5019 1040 5072 R
1095 5019 1258 5074 deam
1297 5019 1358 5072 F
1405 5021 1428 5088 ΙΙ
1479 5037 1514 5072 a
1549 5019 1706 5074 nerio
1739 5019 1886 5074 LF:
1935 5019 2211 5076 manerios
2248 5019 2297 5074 S
2346 5019 2595 5074 manerio
2632 5019 2689 5074 R
2738 5021 2789 5090 ll
2804 5039 2835 5076 a
2870 5021 3029 5076 nerio
3044 5019 3087 5094 ss
3120 5021 3177 5072 A

619 5091 774 5144 nerio
797 5087 864 5142 H
891 5089 1110 5142 anei-ios
1131 5091 1210 5142 M
1225 5091 1244 5160 ΙΙ
1271 5091 1404 5160 non]
1439 5091 1484 5142 si
1507 5091 1576 5142 H
1591 5093 1610 5160 ΙΙ
1639 5097 1708 5144 25
1735 5091 1967 5144 rescribi
1988 5091 2147 5160 vero]
2180 5091 2477 5146 rescribere
2500 5091 2633 5146 LH
2654 5095 2813 5162 (corr.
2836 5095 2875 5160 l)
2904 5095 2925 5160 l}
2952 5099 3019 5148 26
3048 5109 3175 5162 pos-
