3900 5784
699 625 832 692 144
1859 623 2101 680 SERVH

691 791 838 854 titis
885 809 1158 874 aequore
1207 809 1462 854 cursum
1475 789 1514 874 ⁹,
1549 791 1630 860 ‚id
1657 795 1776 872 est,
1823 789 1985 854 haec
2026 809 2159 854 non
2208 787 2441 854 mirum
2480 791 2543 854 te
2584 791 2867 876 audisse,
2910 813 3077 876 quae
3112 791 3253 856 uni-

697 917 922 962 versus
973 895 1150 962 orbis
1197 895 1486 980 agnovit.
2234 913 2243 920 ’

769 1041 772 1044 ’
877 1003 1036 1068 223.’
1099 1019 1504 1070 TEMPESTAS
1547 1007 1646 1070 vis
1693 1001 2033 1066 bellorum.
2180 1019 2399 1070 AGTVS
2452 1003 2747 1070 conlisus.
2890 1021 3097 1070 FATIS
3138 1027 3255 1088 per

691 1111 1046 1174 transitum
1095 1113 1160 1174 et
1205 1115 1474 1176 excusat
1515 1109 1832 1174 Troianos
1879 1109 1942 1172 et
1992 1107 2387 1198 Graecorum
2432 1110 2689 1174 laudem
2736 1109 2987 1176 minuit.

631 1229 660 1280 5
877 1217 1024 1280 225.
1099 1235 1366 1294 TELLVS
1401 1233 1732 1280 EXTREMA
1775 1219 1852 1278 ut
1885 1219 1989 1280 est
2020 1213 2403 1280 Britanniae
2452 1219 2515 1280 et
2556 1217 2849 1280 omnium
2892 1217 3255 1282 insularum

697 1323 940 1388 oceani.
1123 1341 1390 1388 Rssrvso
1445 1325 1662 1388 autem
1721 1321 1948 1406 refluo,
2004 1324 2081 1387 ut
2134 1319 2431 1388 Lucanus
2490 1321 2567 1406 <1
2612 1321 2783 1406 409>
2844 1323 3105 1388 indicat.
3190 1325 3255 1388 et

697 1433 800 1494 est
847 1429 954 1496 hoc
1001 1429 1284 1496 Homeri.

877 1537 1026 1604 226.
1099 1555 1188 1602 E'r
1257 1555 1312 1604 s1
1377 1553 1570 1612 QVEM
1631 1553 1961 1602 EXTENTA
2022 1551 2401 1602 PLAGARVM
2472 1551 2853 1614 QVATTVOR
2916 1535 3259 1600 audierunt
3370 1535 3373 1538 ’

697 1643 900 1708 etiam
941 1643 1044 1709 illi
1093 1645 1202 1730 qui
1251 1647 1636 1726 separantur
1677 1667 1844 1710 zona
1889 1667 1993 1730 ea,
2048 1663 2213 1728 quae
2270 1647 2373 1708 est
2424 1643 2497 1706 in
2538 1643 2753 1706 medio
2800 1645 3137 1728 quattuor,
3194 1643 3259 1706 id

595 1765 664 1814 10
699 1755 800 1816 est
847 1751 1126 1816 fervens,
1207 1749 1532 1836 significat
1577 1753 1796 1816 autem
1847 1751 2207 1836 antipodas

881 1857 1030 1922 227.
1101 1875 1328 1934 INIQVI
1377 1859 1792 1942 intemperati
1843 1859 1944 1922 vel
1994 1857 2299 1924 ardentis.

881 1965 1026 2030 228.
1067 1977 1396 2030 'DILVVIO
1431 1983 1532 2030 EX
1567 1983 1738 2030 ILLo
1785 1985 1866 2028 ex
1909 1963 2027 2030 illa
2068 1965 2399 2030 vastitate.
2476 1963 2585 2028 alii
2630 1963 2739 2028 hic
2780 1963 3147 2048 distingunt
3194 1967 3259 2028 et

697 2075 952 2136 mutant
1011 2091 1292 2154 sensum,
1357 2075 1430 2136 ut
1489 2071 1598 2134 sit:
1663 2093 1824 2154 quos
1885 2071 2135 2136 dirimit
2184 2071 2385 2156 plaga
2438 2069 2597 2136 solis
2652 2069 2939 2136 ardentis
2996 2093 3077 2136 ex
3130 2093 3257 2156 quo

509 2231 520 2240 .
595 2163 628 2254 J
697 2177 974 2240 mundus
1033 2179 1136 2242 est
1187 2177 1580 2240 constitutus
1589 2225 1608 2258 ,
1661 2175 1786 2240 hoc
1847 2177 1942 2240 est
1970 2197 2077 2240 'ex
2138 2197 2261 2258 quo
2320 2177 2517 2240 chaos
2574 2197 2715 2240 esse
2760 2177 2973 2242 desiit.
3154 2203 3263 2244 ror

597 2297 664 2348 15
687 2303 812 2366 pro
863 2281 1092 2348 ‘multa
1103 2279 1146 2348 ⁹.

881 2387 1030 2454 229.
1103 2405 1218 2454 ms
1259 2405 1492 2454 summ
1527 2403 1852 2452 ExlevAM
1889 2405 2159 2454 PATRns
2204 2389 2315 2472 pia
2364 2391 2427 2452 et
2474 2389 2835 2456 verecunda
2878 2387 3131 2474 petitio.

699 2513 1050 2574 LITVSQVE
1087 2513 1420 2564 ROGAMVS
1459 2513 1824 2562 INNOOVVM
1873 2519 2003 2560 non
2042 2495 2225 2582 ‚quod
2268 2497 2435 2562 nulli
2482 2501 2745 2578 noceat,
2790 2495 2899 2560 sed
2948 2519 3075 2582 quo
3122 2495 3263 2562 vin-

703 2603 918 2668 dicato
961 2603 1130 2666 nulli
1173 2603 1386 2686 possit
1427 2603 1666 2668 noceri.
1761 2603 1948 2668 aliter
2000 2607 2329 2688 serpentes
2378 2603 2681 2678 innocuas
2734 2603 3023 2668 dicimus

887 2711 1034 2774 230.
1109 2725 1402 2776 chcTIS
1439 2727 1832 2786 VNDAMQVE
1873 2727 2261 2786 AVRAMQVE
2292 2729 2675 2776 PATENTEM
2720 2711 2849 2776 ista
2886 2711 3059 2776 enim
3100 2733 3267 2776 com-

599 2833 670 2882 20
705 2817 932 2882 munia
977 2821 1150 2882 sunt.
1799 2825 1804 2834 ²

891 2921 1040 2990 231.
1109 2939 1502 2990 INDECORES
1541 2923 1732 2990 decus
1773 2923 2021 2988 decoris
2054 2923 2237 3008 facit,
2274 2923 2437 2988 sicut
2480 2923 2497 2952 ⁸
2508 2945 2701 3014 pecus
2744 2923 3015 3008 pecoris,
3046 2927 3275 2988 nemus

709 3027 1024 3094 nemoris'
1069 3029 1156 3094 ‘o'
1199 3029 1276 3094 in
1317 3031 1618 3114 genetivo
1657 3033 2027 3114 correptum
2070 3035 2195 3096 est:
2246 3029 2461 3094 omnia
2504 3019 2669 3094 enim
2710 3029 2781 3094 in
2816 3029 2937 3096 ‘us’
2980 3031 3279 3096 exeuntia

709 3141 946 3202 neutra
989 3137 1060 3200 in
1105 3137 1410 3222 genetivo
1457 3137 1778 3220 singulari
1819 3137 2291 3218 paenultimam
2342 3137 2729 3222 corripiunt,
2776 3141 3041 3222 excepto
3080 3137 3280 3222 ‘pela-
3334 3143 3339 3146 ’

713 3243 880 3330 gus'‚
927 3243 1096 3330 quod
1139 3243 1454 3308 Graecum
1505 3247 1632 3308 est:
1677 3245 1850 3310 unde
1899 3247 1963 3308 et
2016 3243 2363 3328 ‘vulgeris'
2410 3243 2645 3308 dicitur
2690 3245 3041 3308 secundum
3088 3267 3279 3330 regu-

563 3391 568 3394 ·
607 3353 878 3436 251am,
937 3351 1092 3416 licet
1149 3351 1222 3416 de
1279 3351 1406 3416 hoc
1455 3351 1714 3416 nomine
1777 3349 1948 3416 aliud
2010 3351 2389 3416 auctoritati
2444 3351 2783 3434 placuerit.
2876 3351 3067 3416 decor
3126 3371 3279 3416 vero

865 3563 932 3636 11
967 3599 1082 3636 non
1121 3581 1272 3650 quod
1309 3619 1320 3632 .
1351 3619 1364 3632 .
1399 3619 1414 3634 .
1449 3575 1710 3648 dicimus]
1753 3579 1822 3636 of.
1861 3581 2007 3634 Non.
2042 3599 2095 3650 p.
2130 3583 2253 3650 325,
2280 3585 2347 3634 27
2386 3579 2459 3634 M.
2502 3581 2557 3634 et
2592 3579 2725 3636 laid,
2766 3581 2883 3638 diff.
2918 3581 3071 3636 verb.
3112 3585 3215 3636 293

865 3799 898 3848 1
937 3809 1180 3862 aequore
1217 3809 1440 3864 cursum
1477 3809 1576 3848 om.
1615 3791 1750 3846 LH
1755 3793 1828 3848 M
1863 3795 2135 3862 (aequora
2172 3809 2333 3848 cursu
2370 3809 2523 3862 supr.
2558 3809 2691 3848 vers.
2732 3793 2775 3860 l)
2808 3793 2827 3864 ss
2864 3793 3005 3846 haec
3042 3833 3053 3846 .
3088 3833 3101 3848 .
3134 3833 3147 3848 .
3184 3809 3281 3846 au-

719 3863 900 3936 disse]
937 3881 1052 3918 non
1085 3863 1292 3918 mirum
1327 3865 1414 3918 est
1447 3863 1512 3926 te.
1545 3863 1766 3920 audisse
1803 3881 1870 3920 ea
1897 3863 2079 3920 ASF
2132 3865 2271 3920 haec
2302 3881 2417 3920 non
2450 3863 2657 3918 mirum
2690 3865 2753 3918 te
2788 3863 3011 3918 audisse
3038 3879 3107 3932 ea
3134 3865 3209 3918 M
3216 3865 3239 3918 l
3264 3863 3281 3934 Η

721 3943 756 3990 3
799 3935 1022 4002 collisus
1057 3935 1268 3990 RLM
1289 3937 1370 4004 114
1411 3937 1466 3990 et
1507 3937 1734 3992 excusat
1773 3977 1786 3988 .
1817 3977 1828 3990 .
1859 3977 1872 3992 .
1911 3935 2143 4006 minuit]
2180 3937 2237 3990 et
2272 3935 2523 3990 troianos
2558 3933 2757 3990 eximit
2792 3933 2957 4004 culpa.
2996 3937 3053 3990 et
3090 3951 3281 4004 greco·

715 4025 840 4060 rum
879 4007 1084 4062 deterit
1121 4007 1414 4076 (adtenuat
1447 4007 1534 4076 F)
1567 4007 1798 4062 laudem
1831 4007 2017 4062 ASF
2066 4009 2123 4062 et
2162 4007 2369 4062 exemit
2406 4007 2565 4076 culpa
2604 4005 2849 4062 troianos
2888 4009 2945 4060 et
2982 4021 3275 4076 grecorum

715 4079 896 4134 uertit
929 4079 1156 4132 laudem
1187 4095 1334 4148 supr.
1375 4093 1510 4134 vers.
1543 4079 1562 4132 Ζ
1585 4081 1606 4148 Ι]
1637 4083 1666 4132 5
1705 4079 2049 4134 brittanniae
2074 4081 2135 4132 A
2180 4077 2483 4132 brittaniae
2512 4077 2567 4132 R
2576 4079 2651 4130 H
2654 4079 2729 4132 M
2768 4077 3011 4132 britania
3034 4075 3091 4130 L
3138 4075 3275 4132 brit—

715 4151 876 4202 tania
905 4149 964 4202 F
985 4151 1004 4220 ΙΙ
1033 4157 1066 4204 6
1099 4149 1336 4220 indicat]
1381 4151 1624 4218 ‘quaque
1661 4151 1806 4204 iacet
1843 4149 1973 4204 litus
2016 4151 2261 4216 dubium,
2298 4149 2447 4218 quod
2486 4151 2635 4204 terra
2668 4149 2983 4218 fretumque
3020 4147 3271 4204 vindicat

715 4219 1000 4286 (uendicat
1039 4223 1174 4288 cod.)
1209 4221 1440 4274 alternis
1489 4217 1732 4286 vicibus,
1783 4237 1906 4274 cum
1952 4217 2205 4274 funditur
2250 4219 2441 4290 ingens
2490 4235 2727 4274 oceanus
2766 4221 2857 4274 vel
2894 4235 3017 4274 eum
3052 4219 3265 4290 refugis

603 4321 616 4328 -
715 4307 778 4344 se
813 4289 1072 4344 fluctibus
1109 4289 1312 4344 aufert’
1353 4291 1480 4346 add.
1521 4291 1578 4344 D
1623 4293 1644 4362 fl
1689 4297 1718 4346 7
1759 4291 1864 4346 hoc
1897 4291 2021 4346 hab.
2058 4289 2173 4346 AS
2212 4291 2233 4360 [Ι
2284 4289 2537 4362 Homeri]
2576 4291 2699 4360 (Od.
2742 4289 2847 4344 XII
2884 4295 2909 4344 1
2936 4289 3037 4358 sq.)
3078 4285 3257 4358 αὐτὰρ

717 4357 844 4414 ἐπεὶ
881 4367 1158 4430 ποταμοῖο
1191 4361 1350 4414 λίπεν
1393 4359 1528 4430 ῤ’όον
1559 4357 1850 4416 Ὠκεανοῖο
1887 4361 2029 4430 νηῦς
2062 4355 2177 4416 ἀπὸ
2216 4355 2273 4414 δ’
2314 4361 2467 4416 ἵκετο
2504 4361 2657 4432 πῦμα
2690 4357 2985 4428 θαλάσσης
3020 4355 3261 4430 εὐρυπό-

715 4451 838 4500 ροιο
875 4433 1000 4488 add.
1041 4431 1098 4484 D
1127 4433 1146 4502 ΙΙ
1187 4437 1218 4486 8
1257 4431 1552 4484 audierant
1585 4433 1640 4484 L
1665 4435 1682 4502 ss
1723 4439 1756 4486 9
1795 4433 1955 4502 zona]
2000 4451 2033 4488 a
2066 4451 2203 4488 zona
2240 4431 2351 4486 AS
2360 4433 2433 4486 M
2442 4433 2461 4486 l
2516 4449 2681 4488 zonae
2722 4433 2783 4486 F
2804 4435 2823 4504 ΙΙ
2862 4449 2925 4488 ea
2962 4447 3059 4486 om.
3102 4433 3211 4486 AS
3256 4431 3261 4456 ²

719 4511 786 4556 11
823 4501 1186 4572 intemperati
1219 4503 1310 4556 vel
1345 4517 1444 4558 om.
1483 4503 1672 4568 ΑΒΓ,
1705 4505 1836 4558 add.
1877 4505 1912 4570 f
1939 4505 1959 4576 ΙΙ
2006 4505 2095 4560 vel
2134 4519 2231 4558 om.
2272 4503 2347 4556 M
2388 4505 2411 4574 11
2462 4509 2529 4556 14
2564 4523 2633 4558 ex
2666 4505 2801 4576 quo]
2852 4521 2917 4558 ex
2954 4503 3059 4556 hoc
3098 4503 3209 4558 AS

563 4621 568 4628 .
717 4575 888 4628 cahos
925 4575 966 4630 S
1025 4575 1192 4630 chaos
1225 4575 1292 4628 in
1323 4589 1434 4628 rae.
1463 4591 1504 4628 a
1529 4577 1546 4644 ΙΙ
1571 4573 1768 4644 desiit]
1803 4575 1932 4644 post
1968 4575 2111 4632 illud
2150 4573 2421 4628 diluuium
2456 4577 2579 4628 add.
2612 4575 2785 4630 ΑΕΒ
2810 4577 2831 4646 ΙΙ
2862 4579 2923 4628 16
2960 4591 3069 4628 nns
3108 4575 3217 4628 AS
3254 4581 3259 4646 ξ

661 4701 676 4710 ,,
715 4645 926 4716 peticio
961 4647 1018 4700 L
1069 4649 1088 4718 Ι]
1145 4653 1210 4700 17
1249 4661 1356 4714 quo
1397 4645 1680 4700 uindicate
1717 4647 1796 4700 M
1801 4649 1820 4700 l
1831 4669 1842 4700 :
1893 4649 2043 4716 quod
2086 4647 2375 4700 uindicate
2410 4645 2661 4700 ASHF
2724 4645 2873 4716 quod
2914 4643 3261 4700 uindicatum

715 4717 836 4772 ΕΙ,
861 4721 882 4788 11
925 4723 986 4772 18
1029 4717 1214 4772 noceri
1253 4715 1400 4772 SM:
1435 4733 1636 4772 nocere
1671 4717 1870 4786 reliqui
1897 4721 1914 4790 n
1937 4717 2205 4772 innocuos
2244 4715 2363 4770 RL
2378 4717 2449 4768 M
2456 4733 2495 4772 a
2542 4717 2811 4772 innocuus
2852 4715 2911 4770 F
2930 4715 2951 4782 ΙΙ
2990 4721 3053 4768 21
3096 4717 3261 4772 decus

717 4789 934 4844 decoris
967 4825 982 4842 .
1015 4831 1028 4844 .
1061 4829 1072 4844 .
1111 4805 1244 4858 ergo
1291 4789 1390 4842 aut
1435 4787 1642 4856 systole
1693 4789 1804 4862 est]
1851 4789 2021 4846 decus
2064 4787 2281 4844 decoris
2326 4785 2463 4842 facit
2510 4787 2675 4844 decor
2720 4785 2947 4840 decoris.
3026 4787 3125 4840 sed
3164 4787 3263 4840 hic

715 4859 946 4914 indecor
991 4859 1244 4914 dicimus,
1317 4859 1412 4914 hic
1453 4859 1684 4912 indecus
1725 4877 1840 4914 non
1891 4877 2183 4930 possumus
2232 4857 2429 4912 dicere.
2506 4859 2651 4912 unde
2696 4857 2985 4912 indecores
3032 4873 3155 4910 cum
3192 4875 3261 4912 co

719 4933 850 5000 (quo
883 4931 966 5000 Η)
1005 4931 1192 4984 breuis
1227 4931 1302 4982 sit
1333 4933 1436 4984 aut
1469 4931 1664 4984 sistole
1699 4933 1790 4982 est
1819 4931 1950 4986 LH
1982 4933 2067 5002 (ea
2102 4945 2243 5000 quae
2276 4929 2515 4982 eduntur
2550 4931 2615 4982 in
2648 4943 2815 4998 mas-9.
2858 4929 2959 4994 inf.
3000 4931 3187 4998 sco-ips,
3220 4931 3261 4996 l)

717 5005 738 5078 ll
775 5007 842 5060 22
879 4999 1142 5056 memoris
1181 5003 1256 5054 M
1261 5001 1320 5054 F
1339 5003 1360 5070 ΙΙ
1389 5001 1696 5056 desinentia
1731 5001 1790 5056 R
1813 5005 1832 5072 ΙΙ
1869 5009 1938 5058 24
1976 5003 2087 5074 est]
2132 5005 2185 5058 et
2222 5001 2423 5070 uulgus
2458 4999 2585 5056 add.
2628 4999 2685 5106 R(
2708 5001 2729 5068 1!
2756 4999 3023 5072 vulgeris]
3058 4999 3263 5054 ulceris

719 5075 786 5132 F
817 5075 836 5144 ΙΙ
881 5081 948 5128 25
985 5073 1334 5126 auctoritatis
1369 5075 1428 5126 A
2680 5125 2685 5150 Ι,

2660 5173 2681 5258 ej
