<?xml version="1.0" encoding="UTF-8"?>
<!DOCTYPE html PUBLIC "-//W3C//DTD XHTML 1.0 Transitional//EN"
    "http://www.w3.org/TR/xhtml1/DTD/xhtml1-transitional.dtd">
<html xmlns="http://www.w3.org/1999/xhtml" xml:lang="en" lang="en">
 <head>
  <title>
</title>
<meta http-equiv="Content-Type" content="text/html;charset=utf-8" />
  <meta name='ocr-system' content='tesseract 3.04.00' />
  <meta name='ocr-capabilities' content='ocr_page ocr_carea ocr_par ocr_line ocrx_word'/>
</head>
<body>
  <div class='ocr_page' id='page_1' title='image "./serviigrammatic00hagegoog_0292.png"; bbox 0 0 3900 5784; ppageno 0'>
   <div class='ocr_carea' id='block_1_1' title="bbox 717 565 2117 686">
    <p class='ocr_par' dir='ltr' id='par_1_1' title="bbox 717 565 2117 686">
     <span class='ocr_line' id='line_1_1' title="bbox 717 565 2117 686; baseline -0.009 -2"><span class='ocrx_word' id='word_1_1' title='bbox 717 623 850 686; x_wconf 83' lang='grc'><strong>290</strong></span> <span class='ocrx_word' id='word_1_2' title='bbox 1541 565 1548 570; x_wconf 77' lang='lat'>‘</span> <span class='ocrx_word' id='word_1_3' title='bbox 1875 621 2117 678; x_wconf 83' lang='lat' dir='ltr'><strong>SERVII</strong></span> 
     </span>
    </p>
   </div>
   <div class='ocr_carea' id='block_1_2' title="bbox 593 781 3277 3854">
    <p class='ocr_par' dir='ltr' id='par_1_2' title="bbox 593 781 3277 3854">
     <span class='ocr_line' id='line_1_2' title="bbox 713 781 3267 870; baseline 0.001 -22"><span class='ocrx_word' id='word_1_4' title='bbox 713 785 872 848; x_wconf 88' lang='lat' dir='ltr'><strong>item</strong></span> <span class='ocrx_word' id='word_1_5' title='bbox 919 807 1116 868; x_wconf 88' lang='lat' dir='ltr'><strong>supra</strong></span> <span class='ocrx_word' id='word_1_6' title='bbox 1161 783 1380 868; x_wconf 78' lang='lat'>(631)</span> <span class='ocrx_word' id='word_1_7' title='bbox 1427 783 1714 870; x_wconf 70' lang='lat' dir='ltr'><strong>‘lupam’,</strong></span> <span class='ocrx_word' id='word_1_8' title='bbox 1773 807 1914 850; x_wconf 86' lang='lat' dir='ltr'><strong>cum</strong></span> <span class='ocrx_word' id='word_1_9' title='bbox 1976 785 2135 848; x_wconf 87' lang='lat' dir='ltr'><strong>artis</strong></span> <span class='ocrx_word' id='word_1_10' title='bbox 2182 783 2269 846; x_wconf 86' lang='lat' dir='ltr'><strong>sit</strong></span> <span class='ocrx_word' id='word_1_11' title='bbox 2316 781 2467 846; x_wconf 75' lang='lat' dir='ltr'><strong>‘hic&#39;</strong></span> <span class='ocrx_word' id='word_1_12' title='bbox 2512 789 2583 846; x_wconf 86' lang='lat' dir='ltr'><strong>et</strong></span> <span class='ocrx_word' id='word_1_13' title='bbox 2626 783 2809 848; x_wconf 70' lang='lat' dir='ltr'><strong>‘haec</strong></span> <span class='ocrx_word' id='word_1_14' title='bbox 2854 785 3097 868; x_wconf 88' lang='lat' dir='ltr'><strong>lupus&#39;:</strong></span> <span class='ocrx_word' id='word_1_15' title='bbox 3154 789 3267 850; x_wconf 87' lang='lat' dir='ltr'><strong>aut</strong></span> 
     </span>
     <span class='ocr_line' id='line_1_3' title="bbox 717 883 3265 982; baseline 0.001 -28"><span class='ocrx_word' id='word_1_16' title='bbox 717 895 888 954; x_wconf 82' lang='lat' dir='ltr'><strong>certe</strong></span> <span class='ocrx_word' id='word_1_17' title='bbox 937 891 1102 970; x_wconf 81' lang='lat' dir='ltr'><strong>illud</strong></span> <span class='ocrx_word' id='word_1_18' title='bbox 1159 891 1472 976; x_wconf 74' lang='lat' dir='ltr'><strong>ostendit,</strong></span> <span class='ocrx_word' id='word_1_19' title='bbox 1525 891 1676 976; x_wconf 86' lang='lat' dir='ltr'><strong>quia</strong></span> <span class='ocrx_word' id='word_1_20' title='bbox 1735 891 1800 956; x_wconf 91' lang='lat' dir='ltr'><strong>in</strong></span> <span class='ocrx_word' id='word_1_21' title='bbox 1857 883 2155 954; x_wconf 86' lang='lat' dir='ltr'><strong>omnibus</strong></span> <span class='ocrx_word' id='word_1_22' title='bbox 2216 889 2413 954; x_wconf 84' lang='lat' dir='ltr'><strong>sacris</strong></span> <span class='ocrx_word' id='word_1_23' title='bbox 2472 889 2765 982; x_wconf 87' lang='lat' dir='ltr'><strong>feminini</strong></span> <span class='ocrx_word' id='word_1_24' title='bbox 2814 891 3071 978; x_wconf 82' lang='lat' dir='ltr'><strong>generis</strong></span> <span class='ocrx_word' id='word_1_25' title='bbox 3116 892 3265 976; x_wconf 88' lang='lat' dir='ltr'><strong>plus</strong></span> 
     </span>
     <span class='ocr_line' id='line_1_4' title="bbox 713 997 3265 1082; baseline 0 -20"><span class='ocrx_word' id='word_1_26' title='bbox 713 999 932 1062; x_wconf 79' lang='lat' dir='ltr'><strong>valent</strong></span> <span class='ocrx_word' id='word_1_27' title='bbox 981 997 1294 1062; x_wconf 85' lang='lat' dir='ltr'><strong>victimae.</strong></span> <span class='ocrx_word' id='word_1_28' title='bbox 1371 999 1644 1082; x_wconf 88' lang='lat' dir='ltr'><strong>denique</strong></span> <span class='ocrx_word' id='word_1_29' title='bbox 1695 999 1750 1062; x_wconf 88' lang='lat' dir='ltr'><strong>si</strong></span> <span class='ocrx_word' id='word_1_30' title='bbox 1793 1019 1908 1080; x_wconf 87' lang='lat' dir='ltr'><strong>per</strong></span> <span class='ocrx_word' id='word_1_31' title='bbox 1960 1019 2203 1062; x_wconf 88' lang='lat' dir='ltr'><strong>marem</strong></span> <span class='ocrx_word' id='word_1_32' title='bbox 2248 997 2435 1060; x_wconf 88' lang='lat' dir='ltr'><strong>litare</strong></span> <span class='ocrx_word' id='word_1_33' title='bbox 2474 1019 2603 1060; x_wconf 94' lang='lat' dir='ltr'><strong>non</strong></span> <span class='ocrx_word' id='word_1_34' title='bbox 2636 1003 2937 1082; x_wconf 83' lang='lat' dir='ltr'><strong>possent,</strong></span> <span class='ocrx_word' id='word_1_35' title='bbox 2982 999 3265 1062; x_wconf 89' lang='lat' dir='ltr'><strong>succida-</strong></span> 
     </span>
     <span class='ocr_line' id='line_1_5' title="bbox 711 1103 3263 1190; baseline 0.002 -26"><span class='ocrx_word' id='word_1_36' title='bbox 711 1125 834 1168; x_wconf 90' lang='lat' dir='ltr'><strong>nea</strong></span> <span class='ocrx_word' id='word_1_37' title='bbox 873 1105 1150 1168; x_wconf 85' lang='lat' dir='ltr'><strong>dabatur</strong></span> <span class='ocrx_word' id='word_1_38' title='bbox 1185 1105 1458 1190; x_wconf 79' lang='lat' dir='ltr'><strong>femina3</strong></span> <span class='ocrx_word' id='word_1_39' title='bbox 1505 1107 1558 1168; x_wconf 86' lang='lat' dir='ltr'><strong>si</strong></span> <span class='ocrx_word' id='word_1_40' title='bbox 1601 1109 1814 1170; x_wconf 88' lang='lat' dir='ltr'><strong>autem</strong></span> <span class='ocrx_word' id='word_1_41' title='bbox 1851 1125 1969 1188; x_wconf 90' lang='lat' dir='ltr'><strong>per</strong></span> <span class='ocrx_word' id='word_1_42' title='bbox 2002 1103 2311 1168; x_wconf 88' lang='lat' dir='ltr'><strong>feminam</strong></span> <span class='ocrx_word' id='word_1_43' title='bbox 2344 1125 2477 1168; x_wconf 88' lang='lat' dir='ltr'><strong>non</strong></span> <span class='ocrx_word' id='word_1_44' title='bbox 2512 1103 2843 1188; x_wconf 75' lang='lat' dir='ltr'><strong>litassent,</strong></span> <span class='ocrx_word' id='word_1_45' title='bbox 2878 1105 3263 1170; x_wconf 86' lang='lat' dir='ltr'><strong>succidanea</strong></span> 
     </span>
     <span class='ocr_line' id='line_1_6' title="bbox 639 1209 3261 1296; baseline 0 -20"><span class='ocrx_word' id='word_1_46' title='bbox 639 1227 672 1276; x_wconf 84' lang='lat'>5</span> <span class='ocrx_word' id='word_1_47' title='bbox 713 1209 1002 1274; x_wconf 84' lang='lat' dir='ltr'>adhiberi</span> <span class='ocrx_word' id='word_1_48' title='bbox 1041 1233 1172 1276; x_wconf 91' lang='lat' dir='ltr'><strong>non</strong></span> <span class='ocrx_word' id='word_1_49' title='bbox 1209 1215 1488 1296; x_wconf 85' lang='lat' dir='ltr'><strong>poterat.</strong></span> <span class='ocrx_word' id='word_1_50' title='bbox 1547 1213 1802 1294; x_wconf 73' lang='lat' dir='ltr'><strong>quidam</strong></span> <span class='ocrx_word' id='word_1_51' title='bbox 1833 1209 2125 1292; x_wconf 71' lang='lat' dir='ltr'><strong>‘porcam’</strong></span> <span class='ocrx_word' id='word_1_52' title='bbox 2164 1209 2497 1292; x_wconf 73' lang='lat' dir='ltr'><em>euphoniae</em></span> <span class='ocrx_word' id='word_1_53' title='bbox 2524 1211 2737 1292; x_wconf 74' lang='lat' dir='ltr'><strong>yratia</strong></span> <span class='ocrx_word' id='word_1_54' title='bbox 2770 1215 3001 1276; x_wconf 75' lang='lat' dir='ltr'><strong>dictam</strong></span> <span class='ocrx_word' id='word_1_55' title='bbox 3034 1209 3261 1276; x_wconf 72' lang='lat' dir='ltr'><strong>volunt.</strong></span> 
     </span>
     <span class='ocr_line' id='line_1_7' title="bbox 707 1315 3263 1402; baseline 0.001 -22"><span class='ocrx_word' id='word_1_56' title='bbox 707 1315 894 1380; x_wconf 75' lang='lat' dir='ltr'><strong>huius</strong></span> <span class='ocrx_word' id='word_1_57' title='bbox 947 1323 1152 1380; x_wconf 75' lang='lat' dir='ltr'><strong>autem</strong></span> <span class='ocrx_word' id='word_1_58' title='bbox 1203 1317 1362 1398; x_wconf 70' lang='lat' dir='ltr'><strong>faeti</strong></span> <span class='ocrx_word' id='word_1_59' title='bbox 1401 1319 1476 1382; x_wconf 69' lang='lat' dir='ltr'><strong>in</strong></span> <span class='ocrx_word' id='word_1_60' title='bbox 1515 1337 1698 1382; x_wconf 75' lang='lat' dir='ltr'><strong>sacra</strong></span> <span class='ocrx_word' id='word_1_61' title='bbox 1743 1317 1848 1380; x_wconf 76' lang='lat' dir='ltr'><strong>via</strong></span> <span class='ocrx_word' id='word_1_62' title='bbox 1887 1317 2071 1398; x_wconf 66' lang='lat' dir='ltr'><strong>siqua</strong></span> <span class='ocrx_word' id='word_1_63' title='bbox 2116 1321 2307 1400; x_wconf 72' lang='lat' dir='ltr'><strong>stant,</strong></span> <span class='ocrx_word' id='word_1_64' title='bbox 2354 1315 2657 1380; x_wconf 68' lang='lat' dir='ltr'><strong>Romulus</strong></span> <span class='ocrx_word' id='word_1_65' title='bbox 2704 1339 2745 1382; x_wconf 80' lang='lat' dir='ltr'><strong>a</strong></span> <span class='ocrx_word' id='word_1_66' title='bbox 2776 1323 2965 1398; x_wconf 73' lang='lat' dir='ltr'><strong>parte</strong></span> <span class='ocrx_word' id='word_1_67' title='bbox 3004 1317 3263 1402; x_wconf 45' lang='lat' dir='ltr'><strong>Palatii,</strong></span> 
     </span>
     <span class='ocr_line' id='line_1_8' title="bbox 713 1423 1716 1490; baseline 0.004 -6"><span class='ocrx_word' id='word_1_68' title='bbox 713 1423 930 1488; x_wconf 72' lang='lat' dir='ltr'><strong>Tatius</strong></span> <span class='ocrx_word' id='word_1_69' title='bbox 977 1425 1352 1488; x_wconf 67' lang='lat' dir='ltr'><strong>vementibus</strong></span> <span class='ocrx_word' id='word_1_70' title='bbox 1395 1445 1436 1488; x_wconf 82' lang='grc' dir='ltr'><em>α</em></span> <span class='ocrx_word' id='word_1_71' title='bbox 1481 1425 1716 1490; x_wconf 67' lang='lat' dir='ltr'><strong>rostris.</strong></span> 
     </span>
     <span class='ocr_line' id='line_1_9' title="bbox 889 1529 3259 1606; baseline 0.001 -14"><span class='ocrx_word' id='word_1_72' title='bbox 889 1529 1034 1592; x_wconf 78' lang='lat'>642.</span> <span class='ocrx_word' id='word_1_73' title='bbox 1113 1545 1320 1594; x_wconf 78' lang='lat' dir='ltr'><strong>cITAE</strong></span> <span class='ocrx_word' id='word_1_74' title='bbox 1371 1545 1658 1596; x_wconf 77' lang='lat' dir='ltr'>METTVM</span> <span class='ocrx_word' id='word_1_75' title='bbox 1703 1549 1776 1596; x_wconf 82' lang='lat' dir='ltr'><strong>IN</strong></span> <span class='ocrx_word' id='word_1_76' title='bbox 1815 1547 2119 1596; x_wconf 79' lang='lat' dir='ltr'><strong>DIVERSA</strong></span> <span class='ocrx_word' id='word_1_77' title='bbox 2154 1545 2565 1606; x_wconf 73' lang='lat' dir='ltr'><strong>QVADRIGAE</strong></span> <span class='ocrx_word' id='word_1_78' title='bbox 2602 1529 2899 1594; x_wconf 77' lang='lat' dir='ltr'><strong>Donatus</strong></span> <span class='ocrx_word' id='word_1_79' title='bbox 2950 1529 3073 1596; x_wconf 90' lang='lat' dir='ltr'><strong>hoc</strong></span> <span class='ocrx_word' id='word_1_80' title='bbox 3116 1531 3259 1594; x_wconf 88' lang='lat' dir='ltr'><strong>loco</strong></span> 
     </span>
     <span class='ocr_line' id='line_1_10' title="bbox 711 1635 3259 1722; baseline -0 -22"><span class='ocrx_word' id='word_1_81' title='bbox 711 1641 932 1700; x_wconf 88' lang='lat' dir='ltr'><strong>contra</strong></span> <span class='ocrx_word' id='word_1_82' title='bbox 991 1641 1266 1700; x_wconf 86' lang='lat' dir='ltr'><strong>metrum</strong></span> <span class='ocrx_word' id='word_1_83' title='bbox 1325 1639 1546 1722; x_wconf 84' lang='lat' dir='ltr'><strong>sentit,</strong></span> <span class='ocrx_word' id='word_1_84' title='bbox 1605 1637 1820 1702; x_wconf 88' lang='lat' dir='ltr'><strong>dicens</strong></span> <span class='ocrx_word' id='word_1_85' title='bbox 1871 1635 2101 1704; x_wconf 68' lang='lat' dir='ltr'><strong>‘citae&#39;</strong></span> <span class='ocrx_word' id='word_1_86' title='bbox 2146 1635 2413 1720; x_wconf 83' lang='lat' dir='ltr'><strong>divisae,</strong></span> <span class='ocrx_word' id='word_1_87' title='bbox 2478 1639 2549 1700; x_wconf 89' lang='lat' dir='ltr'><strong>ut</strong></span> <span class='ocrx_word' id='word_1_88' title='bbox 2604 1641 2707 1700; x_wconf 88' lang='lat' dir='ltr'><strong>est</strong></span> <span class='ocrx_word' id='word_1_89' title='bbox 2748 1637 2819 1700; x_wconf 91' lang='lat' dir='ltr'><strong>in</strong></span> <span class='ocrx_word' id='word_1_90' title='bbox 2864 1637 3001 1700; x_wconf 90' lang='lat' dir='ltr'><strong>iure</strong></span> <span class='ocrx_word' id='word_1_91' title='bbox 3052 1635 3259 1700; x_wconf 72' lang='lat' dir='ltr'><strong>‘ercto</strong></span> 
     </span>
     <span class='ocr_line' id='line_1_11' title="bbox 605 1743 3259 1828; baseline -0.002 -18"><span class='ocrx_word' id='word_1_92' title='bbox 605 1761 670 1810; x_wconf 88' lang='lat'><strong>10</strong></span> <span class='ocrx_word' id='word_1_93' title='bbox 709 1765 838 1806; x_wconf 83' lang='grc'><strong>11011</strong></span> <span class='ocrx_word' id='word_1_94' title='bbox 879 1743 1058 1826; x_wconf 82' lang='lat' dir='ltr'><strong>cito&#39;,</strong></span> <span class='ocrx_word' id='word_1_95' title='bbox 1109 1743 1170 1806; x_wconf 88' lang='lat' dir='ltr'><strong>id</strong></span> <span class='ocrx_word' id='word_1_96' title='bbox 1217 1749 1314 1808; x_wconf 89' lang='lat' dir='ltr'><strong>est</strong></span> <span class='ocrx_word' id='word_1_97' title='bbox 1351 1743 1744 1828; x_wconf 89' lang='lat' dir='ltr'><strong>patrimonio</strong></span> <span class='ocrx_word' id='word_1_98' title='bbox 1787 1745 1892 1810; x_wconf 79' lang='lat' dir='ltr'><strong>vel</strong></span> <span class='ocrx_word' id='word_1_99' title='bbox 1941 1743 2339 1810; x_wconf 85' lang='lat' dir='ltr'><strong>haereditate</strong></span> <span class='ocrx_word' id='word_1_100' title='bbox 2382 1765 2515 1808; x_wconf 91' lang='lat' dir='ltr'><strong>non</strong></span> <span class='ocrx_word' id='word_1_101' title='bbox 2566 1743 2797 1826; x_wconf 79' lang='lat' dir='ltr'><strong>divisa3</strong></span> <span class='ocrx_word' id='word_1_102' title='bbox 2846 1765 2995 1806; x_wconf 86' lang='grc'><strong>113111</strong></span> <span class='ocrx_word' id='word_1_103' title='bbox 3046 1743 3259 1808; x_wconf 71' lang='lat' dir='ltr'><strong>‘citus&#39;</strong></span> 
     </span>
     <span class='ocr_line' id='line_1_12' title="bbox 711 1847 3263 1938; baseline -0.001 -24"><span class='ocrx_word' id='word_1_104' title='bbox 711 1873 856 1914; x_wconf 88' lang='lat' dir='ltr'><strong>cum</strong></span> <span class='ocrx_word' id='word_1_105' title='bbox 903 1851 1146 1916; x_wconf 82' lang='lat' dir='ltr'><strong>divisus</strong></span> <span class='ocrx_word' id='word_1_106' title='bbox 1185 1851 1550 1936; x_wconf 82' lang='lat' dir='ltr'><strong>significat,</strong></span> <span class='ocrx_word' id='word_1_107' title='bbox 1613 1851 1738 1914; x_wconf 74' lang='lat' dir='ltr'><strong>‘ci&#39;</strong></span> <span class='ocrx_word' id='word_1_108' title='bbox 1781 1853 1981 1938; x_wconf 83' lang='lat' dir='ltr'><strong>longa</strong></span> <span class='ocrx_word' id='word_1_109' title='bbox 2026 1855 2143 1916; x_wconf 87' lang='lat' dir='ltr'><strong>est.</strong></span> <span class='ocrx_word' id='word_1_110' title='bbox 2236 1873 2387 1938; x_wconf 83' lang='lat' dir='ltr'><strong>ergo</strong></span> <span class='ocrx_word' id='word_1_111' title='bbox 2438 1847 2669 1914; x_wconf 74' lang='lat' dir='ltr'><strong>‘citae&#39;</strong></span> <span class='ocrx_word' id='word_1_112' title='bbox 2718 1851 2967 1914; x_wconf 83' lang='lat' dir='ltr'><strong>veloces</strong></span> <span class='ocrx_word' id='word_1_113' title='bbox 3012 1849 3263 1914; x_wconf 89' lang='lat' dir='ltr'><strong>intelle-</strong></span> 
     </span>
     <span class='ocr_line' id='line_1_13' title="bbox 707 1953 3259 2040; baseline -0.001 -18"><span class='ocrx_word' id='word_1_114' title='bbox 707 1977 952 2040; x_wconf 68' lang='lat' dir='ltr'><strong>gamus⁰</strong></span> <span class='ocrx_word' id='word_1_115' title='bbox 1029 1979 1224 2040; x_wconf 87' lang='lat' dir='ltr'><strong>quem</strong></span> <span class='ocrx_word' id='word_1_116' title='bbox 1269 1961 1490 2020; x_wconf 86' lang='lat' dir='ltr'><strong>autem</strong></span> <span class='ocrx_word' id='word_1_117' title='bbox 1527 1955 1684 2020; x_wconf 89' lang='lat' dir='ltr'><strong>dicit</strong></span> <span class='ocrx_word' id='word_1_118' title='bbox 1721 1953 2047 2038; x_wconf 81' lang='lat' dir='ltr'><strong>Vergilius</strong></span> <span class='ocrx_word' id='word_1_119' title='bbox 2090 1957 2365 2022; x_wconf 89' lang='lat' dir='ltr'><strong>Mettum</strong></span> <span class='ocrx_word' id='word_1_120' title='bbox 2402 1957 2673 2022; x_wconf 87' lang='lat' dir='ltr'><strong>Mettius</strong></span> <span class='ocrx_word' id='word_1_121' title='bbox 2712 1955 3001 2022; x_wconf 82' lang='lat' dir='ltr'><strong>Fufetius</strong></span> <span class='ocrx_word' id='word_1_122' title='bbox 3052 1957 3259 2022; x_wconf 88' lang='lat' dir='ltr'><strong>dictus</strong></span> 
     </span>
     <span class='ocr_line' id='line_1_14' title="bbox 693 2061 3261 2150; baseline 0 -24"><span class='ocrx_word' id='word_1_123' title='bbox 693 2065 832 2150; x_wconf 85' lang='lat' dir='ltr'><strong>est,</strong></span> <span class='ocrx_word' id='word_1_124' title='bbox 889 2061 1058 2146; x_wconf 85' lang='lat' dir='ltr'><strong>quod</strong></span> <span class='ocrx_word' id='word_1_125' title='bbox 1115 2083 1350 2126; x_wconf 89' lang='lat' dir='ltr'><strong>nomen</strong></span> <span class='ocrx_word' id='word_1_126' title='bbox 1401 2061 1732 2126; x_wconf 83' lang='lat' dir='ltr'><strong>mutilavit</strong></span> <span class='ocrx_word' id='word_1_127' title='bbox 1773 2083 1975 2126; x_wconf 84' lang='lat' dir='ltr'><strong>causa</strong></span> <span class='ocrx_word' id='word_1_128' title='bbox 2014 2063 2227 2124; x_wconf 86' lang='lat' dir='ltr'><strong>metri.</strong></span> <span class='ocrx_word' id='word_1_129' title='bbox 2318 2063 2615 2128; x_wconf 81' lang='lat' dir='ltr'><strong>novimus</strong></span> <span class='ocrx_word' id='word_1_130' title='bbox 2662 2067 2879 2128; x_wconf 89' lang='lat' dir='ltr'><strong>autem</strong></span> <span class='ocrx_word' id='word_1_131' title='bbox 2926 2063 3261 2128; x_wconf 85' lang='lat' dir='ltr'>nominum</span> 
     </span>
     <span class='ocr_line' id='line_1_15' title="bbox 705 2165 3277 2252; baseline 0 -20"><span class='ocrx_word' id='word_1_132' title='bbox 705 2169 810 2232; x_wconf 92' lang='grc'><strong>101</strong></span> <span class='ocrx_word' id='word_1_133' title='bbox 861 2169 1286 2232; x_wconf 79' lang='lat' dir='ltr'><strong>mutationem</strong></span> <span class='ocrx_word' id='word_1_134' title='bbox 1335 2169 1438 2232; x_wconf 88' lang='grc'><strong>101</strong></span> <span class='ocrx_word' id='word_1_135' title='bbox 1487 2165 1961 2232; x_wconf 84' lang='lat' dir='ltr'><strong>mutilationem</strong></span> <span class='ocrx_word' id='word_1_136' title='bbox 2004 2189 2377 2232; x_wconf 80' lang='lat' dir='ltr'><strong>concessam</strong></span> <span class='ocrx_word' id='word_1_137' title='bbox 2426 2171 2661 2250; x_wconf 83' lang='lat' dir='ltr'><strong>poetis:</strong></span> <span class='ocrx_word' id='word_1_138' title='bbox 2714 2169 2803 2232; x_wconf 85' lang='lat' dir='ltr'><strong>sic</strong></span> <span class='ocrx_word' id='word_1_139' title='bbox 2842 2193 2959 2252; x_wconf 86' lang='lat' dir='ltr'><strong>pro</strong></span> <span class='ocrx_word' id='word_1_140' title='bbox 2996 2169 3277 2244; x_wconf 56' lang='lat' dir='ltr'><strong>Polluce⁴</strong></span> 
     </span>
     <span class='ocr_line' id='line_1_16' title="bbox 603 2271 3259 2360; baseline -0.001 -18"><span class='ocrx_word' id='word_1_141' title='bbox 603 2295 666 2344; x_wconf 86' lang='lat'><strong>15</strong></span> <span class='ocrx_word' id='word_1_142' title='bbox 709 2273 1068 2360; x_wconf 80' lang='lat' dir='ltr'><strong>Castorem,</strong></span> <span class='ocrx_word' id='word_1_143' title='bbox 1137 2297 1254 2360; x_wconf 80' lang='lat' dir='ltr'><strong>pro</strong></span> <span class='ocrx_word' id='word_1_144' title='bbox 1311 2273 1662 2358; x_wconf 79' lang='lat' dir='ltr'><strong>Cytheride</strong></span> <span class='ocrx_word' id='word_1_145' title='bbox 1719 2271 2099 2358; x_wconf 82' lang='lat' dir='ltr'><strong>Lycoridem</strong></span> <span class='ocrx_word' id='word_1_146' title='bbox 2148 2275 2395 2360; x_wconf 83' lang='lat' dir='ltr'><strong>posuit,</strong></span> <span class='ocrx_word' id='word_1_147' title='bbox 2462 2277 2533 2340; x_wconf 89' lang='lat' dir='ltr'><strong>ut</strong></span> <span class='ocrx_word' id='word_1_148' title='bbox 2598 2277 2727 2340; x_wconf 92' lang='lat' dir='ltr'><strong>sed</strong></span> <span class='ocrx_word' id='word_1_149' title='bbox 2794 2297 2983 2358; x_wconf 86' lang='lat' dir='ltr'><strong>quae</strong></span> <span class='ocrx_word' id='word_1_150' title='bbox 3048 2277 3259 2360; x_wconf 84' lang='lat' dir='ltr'><strong>legat</strong></span> 
     </span>
     <span class='ocr_line' id='line_1_17' title="bbox 703 2379 3257 2466; baseline 0.001 -22"><span class='ocrx_word' id='word_1_151' title='bbox 703 2381 874 2466; x_wconf 89' lang='lat' dir='ltr'><strong>ipsa</strong></span> <span class='ocrx_word' id='word_1_152' title='bbox 935 2381 1276 2466; x_wconf 75' lang='lat' dir='ltr'><strong>Lycoris.</strong></span> <span class='ocrx_word' id='word_1_153' title='bbox 1367 2381 1476 2448; x_wconf 90' lang='lat' dir='ltr'><strong>hic</strong></span> <span class='ocrx_word' id='word_1_154' title='bbox 1539 2383 1758 2444; x_wconf 88' lang='lat' dir='ltr'><strong>autem</strong></span> <span class='ocrx_word' id='word_1_155' title='bbox 1821 2379 2087 2444; x_wconf 87' lang='lat' dir='ltr'><strong>Mettius</strong></span> <span class='ocrx_word' id='word_1_156' title='bbox 2150 2379 2445 2446; x_wconf 87' lang='lat' dir='ltr'><strong>Fufetius</strong></span> <span class='ocrx_word' id='word_1_157' title='bbox 2510 2403 2655 2446; x_wconf 89' lang='lat' dir='ltr'><strong>cum</strong></span> <span class='ocrx_word' id='word_1_158' title='bbox 2730 2381 2899 2464; x_wconf 86' lang='lat' dir='ltr'><strong>apud</strong></span> <span class='ocrx_word' id='word_1_159' title='bbox 2966 2379 3257 2446; x_wconf 78' lang='lat' dir='ltr'><strong>Albanos</strong></span> 
     </span>
     <span class='ocr_line' id='line_1_18' title="bbox 705 2487 3257 2570; baseline 0 -18"><span class='ocrx_word' id='word_1_160' title='bbox 705 2511 1022 2552; x_wconf 87' lang='lat' dir='ltr'><strong>summam</strong></span> <span class='ocrx_word' id='word_1_161' title='bbox 1081 2509 1296 2552; x_wconf 86' lang='lat' dir='ltr'><strong>rerum</strong></span> <span class='ocrx_word' id='word_1_162' title='bbox 1351 2489 1628 2570; x_wconf 84' lang='lat' dir='ltr'><strong>teneret,</strong></span> <span class='ocrx_word' id='word_1_163' title='bbox 1683 2509 1732 2570; x_wconf 56' lang='lat' dir='ltr'><strong>⁴a</strong></span> <span class='ocrx_word' id='word_1_164' title='bbox 1773 2487 2091 2550; x_wconf 86' lang='lat' dir='ltr'><strong>Romanis</strong></span> <span class='ocrx_word' id='word_1_165' title='bbox 2142 2487 2215 2550; x_wconf 91' lang='lat' dir='ltr'><strong>in</strong></span> <span class='ocrx_word' id='word_1_166' title='bbox 2266 2487 2581 2552; x_wconf 84' lang='lat' dir='ltr'><strong>auxilium</strong></span> <span class='ocrx_word' id='word_1_167' title='bbox 2634 2491 2863 2552; x_wconf 87' lang='lat' dir='ltr'><strong>contra</strong></span> <span class='ocrx_word' id='word_1_168' title='bbox 2914 2487 3257 2552; x_wconf 85' lang='lat' dir='ltr'><strong>Fidenates</strong></span> 
     </span>
     <span class='ocr_line' id='line_1_19' title="bbox 703 2593 3253 2680; baseline -0.001 -20"><span class='ocrx_word' id='word_1_169' title='bbox 703 2601 998 2680; x_wconf 81' lang='lat' dir='ltr'><strong>vocatus,</strong></span> <span class='ocrx_word' id='word_1_170' title='bbox 1041 2595 1180 2658; x_wconf 89' lang='lat' dir='ltr'><strong>iure</strong></span> <span class='ocrx_word' id='word_1_171' title='bbox 1231 2593 1558 2658; x_wconf 86' lang='lat' dir='ltr'><strong>societatis</strong></span> <span class='ocrx_word' id='word_1_172' title='bbox 1605 2593 1780 2656; x_wconf 85' lang='lat' dir='ltr'><strong>venit</strong></span> <span class='ocrx_word' id='word_1_173' title='bbox 1829 2593 2113 2678; x_wconf 88' lang='lat' dir='ltr'><strong>quidem,</strong></span> <span class='ocrx_word' id='word_1_174' title='bbox 2158 2593 2269 2658; x_wconf 89' lang='lat' dir='ltr'><strong>sed</strong></span> <span class='ocrx_word' id='word_1_175' title='bbox 2318 2593 2385 2656; x_wconf 89' lang='lat' dir='ltr'><strong>in</strong></span> <span class='ocrx_word' id='word_1_176' title='bbox 2432 2595 2577 2678; x_wconf 89' lang='lat' dir='ltr'><strong>ipso</strong></span> <span class='ocrx_word' id='word_1_177' title='bbox 2620 2593 2871 2680; x_wconf 87' lang='lat' dir='ltr'><strong>proelio</strong></span> <span class='ocrx_word' id='word_1_178' title='bbox 2914 2595 2993 2658; x_wconf 91' lang='lat' dir='ltr'><strong>ad</strong></span> <span class='ocrx_word' id='word_1_179' title='bbox 3030 2595 3253 2660; x_wconf 83' lang='lat' dir='ltr'><strong>hostes</strong></span> 
     </span>
     <span class='ocr_line' id='line_1_20' title="bbox 705 2697 3253 2784; baseline 0 -18"><span class='ocrx_word' id='word_1_180' title='bbox 705 2703 954 2766; x_wconf 86' lang='lat' dir='ltr'><strong>defecit.</strong></span> <span class='ocrx_word' id='word_1_181' title='bbox 1045 2699 1216 2784; x_wconf 86' lang='lat' dir='ltr'><strong>quod</strong></span> <span class='ocrx_word' id='word_1_182' title='bbox 1267 2709 1536 2766; x_wconf 87' lang='lat' dir='ltr'><strong>cernens</strong></span> <span class='ocrx_word' id='word_1_183' title='bbox 1585 2697 1808 2764; x_wconf 86' lang='lat' dir='ltr'><strong>Tullus</strong></span> <span class='ocrx_word' id='word_1_184' title='bbox 1855 2697 2183 2764; x_wconf 88' lang='lat' dir='ltr'><strong>Hostilius</strong></span> <span class='ocrx_word' id='word_1_185' title='bbox 2240 2701 2335 2764; x_wconf 89' lang='lat' dir='ltr'><strong>ait</strong></span> <span class='ocrx_word' id='word_1_186' title='bbox 2386 2721 2543 2766; x_wconf 82' lang='grc'><strong>1000</strong></span> <span class='ocrx_word' id='word_1_187' title='bbox 2598 2703 2881 2766; x_wconf 83' lang='lat' dir='ltr'><strong>maxima</strong></span> <span class='ocrx_word' id='word_1_188' title='bbox 2938 2703 3253 2766; x_wconf 85' lang='lat' dir='ltr'><strong>militibus</strong></span> 
     </span>
     <span class='ocr_line' id='line_1_21' title="bbox 595 2805 3251 2894; baseline -0.001 -20"><span class='ocrx_word' id='word_1_189' title='bbox 595 2831 660 2878; x_wconf 78' lang='lat'><strong>20</strong></span> <span class='ocrx_word' id='word_1_190' title='bbox 703 2809 864 2894; x_wconf 87' lang='lat' dir='ltr'><strong>suis,</strong></span> <span class='ocrx_word' id='word_1_191' title='bbox 905 2809 1004 2872; x_wconf 89' lang='lat' dir='ltr'><strong>ita</strong></span> <span class='ocrx_word' id='word_1_192' title='bbox 1047 2811 1122 2870; x_wconf 90' lang='lat' dir='ltr'><strong>ut</strong></span> <span class='ocrx_word' id='word_1_193' title='bbox 1167 2807 1366 2870; x_wconf 87' lang='lat' dir='ltr'><strong>etiam</strong></span> <span class='ocrx_word' id='word_1_194' title='bbox 1409 2805 1616 2872; x_wconf 86' lang='lat' dir='ltr'><strong>hostis</strong></span> <span class='ocrx_word' id='word_1_195' title='bbox 1655 2807 1908 2872; x_wconf 89' lang='lat' dir='ltr'><strong>audiret</strong></span> <span class='ocrx_word' id='word_1_196' title='bbox 1958 2805 2059 2872; x_wconf 77' lang='lat' dir='ltr'><strong>‘ne</strong></span> <span class='ocrx_word' id='word_1_197' title='bbox 2096 2805 2461 2890; x_wconf 85' lang='lat' dir='ltr'><strong>trepidetis:</strong></span> <span class='ocrx_word' id='word_1_198' title='bbox 2506 2829 2647 2872; x_wconf 89' lang='lat' dir='ltr'><strong>meo</strong></span> <span class='ocrx_word' id='word_1_199' title='bbox 2692 2809 2959 2874; x_wconf 87' lang='lat' dir='ltr'><strong>consilio</strong></span> <span class='ocrx_word' id='word_1_200' title='bbox 3004 2809 3251 2874; x_wconf 84' lang='lat' dir='ltr'><strong>factum</strong></span> 
     </span>
     <span class='ocr_line' id='line_1_22' title="bbox 665 2903 3251 3000; baseline -0 -20"><span class='ocrx_word' id='word_1_201' title='bbox 665 2921 826 3000; x_wconf 79' lang='lat' dir='ltr'><strong>est,</strong></span> <span class='ocrx_word' id='word_1_202' title='bbox 873 2903 946 2978; x_wconf 88' lang='lat' dir='ltr'><strong>ut</strong></span> <span class='ocrx_word' id='word_1_203' title='bbox 991 2915 1260 2980; x_wconf 85' lang='lat' dir='ltr'><strong>factiose</strong></span> <span class='ocrx_word' id='word_1_204' title='bbox 1305 2913 1578 2980; x_wconf 87' lang='lat' dir='ltr'><strong>Mettius</strong></span> <span class='ocrx_word' id='word_1_205' title='bbox 1623 2911 1916 2978; x_wconf 85' lang='lat' dir='ltr'><strong>Fufetius</strong></span> <span class='ocrx_word' id='word_1_206' title='bbox 1968 2913 2047 2976; x_wconf 87' lang='lat' dir='ltr'><strong>ad</strong></span> <span class='ocrx_word' id='word_1_207' title='bbox 2096 2913 2317 2978; x_wconf 85' lang='lat' dir='ltr'><strong>hostes</strong></span> <span class='ocrx_word' id='word_1_208' title='bbox 2360 2913 2729 2980; x_wconf 84' lang='lat' dir='ltr'><strong>transiret&#39;:</strong></span> <span class='ocrx_word' id='word_1_209' title='bbox 2804 2937 2929 3000; x_wconf 92' lang='lat' dir='ltr'><strong>quo</strong></span> <span class='ocrx_word' id='word_1_210' title='bbox 2976 2917 3251 2980; x_wconf 87' lang='lat' dir='ltr'><strong>consilio</strong></span> 
     </span>
     <span class='ocr_line' id='line_1_23' title="bbox 701 3019 3251 3106; baseline 0 -20"><span class='ocrx_word' id='word_1_211' title='bbox 701 3027 766 3086; x_wconf 89' lang='lat' dir='ltr'><strong>et</strong></span> <span class='ocrx_word' id='word_1_212' title='bbox 821 3023 952 3088; x_wconf 86' lang='lat' dir='ltr'><strong>suis</strong></span> <span class='ocrx_word' id='word_1_213' title='bbox 1007 3043 1210 3106; x_wconf 89' lang='lat' dir='ltr'><strong>paene</strong></span> <span class='ocrx_word' id='word_1_214' title='bbox 1263 3019 1392 3084; x_wconf 85' lang='lat' dir='ltr'><strong>iam</strong></span> <span class='ocrx_word' id='word_1_215' title='bbox 1453 3021 1726 3086; x_wconf 85' lang='lat' dir='ltr'><strong>amissas</strong></span> <span class='ocrx_word' id='word_1_216' title='bbox 1779 3021 2059 3084; x_wconf 83' lang='lat' dir='ltr'><strong>reddidit</strong></span> <span class='ocrx_word' id='word_1_217' title='bbox 2116 3021 2285 3084; x_wconf 80' lang='lat' dir='ltr'><strong>vires</strong></span> <span class='ocrx_word' id='word_1_218' title='bbox 2344 3025 2407 3084; x_wconf 89' lang='lat' dir='ltr'><strong>et</strong></span> <span class='ocrx_word' id='word_1_219' title='bbox 2464 3021 2679 3086; x_wconf 88' lang='lat' dir='ltr'><strong>effecit</strong></span> <span class='ocrx_word' id='word_1_220' title='bbox 2722 3045 2803 3084; x_wconf 89' lang='grc'><strong>110</strong></span> <span class='ocrx_word' id='word_1_221' title='bbox 2848 3021 3073 3088; x_wconf 86' lang='lat' dir='ltr'><strong>hostes</strong></span> <span class='ocrx_word' id='word_1_222' title='bbox 3118 3045 3251 3088; x_wconf 88' lang='lat' dir='ltr'><strong>cre-</strong></span> 
     </span>
     <span class='ocr_line' id='line_1_24' title="bbox 701 3127 3247 3212; baseline -0.001 -18"><span class='ocrx_word' id='word_1_223' title='bbox 701 3133 924 3196; x_wconf 89' lang='lat' dir='ltr'><strong>derent</strong></span> <span class='ocrx_word' id='word_1_224' title='bbox 971 3129 1220 3192; x_wconf 78' lang='lat' dir='ltr'><strong>Mettio,</strong></span> <span class='ocrx_word' id='word_1_225' title='bbox 1285 3151 1478 3212; x_wconf 89' lang='lat' dir='ltr'><strong>quem</strong></span> <span class='ocrx_word' id='word_1_226' title='bbox 1529 3131 1684 3210; x_wconf 84' lang='lat' dir='ltr'><strong>post</strong></span> <span class='ocrx_word' id='word_1_227' title='bbox 1737 3129 2077 3192; x_wconf 86' lang='lat' dir='ltr'><strong>victoriam</strong></span> <span class='ocrx_word' id='word_1_228' title='bbox 2132 3129 2391 3210; x_wconf 83' lang='lat' dir='ltr'><strong>captum</strong></span> <span class='ocrx_word' id='word_1_229' title='bbox 2454 3127 2677 3193; x_wconf 85' lang='lat' dir='ltr'><strong>Tullus</strong></span> <span class='ocrx_word' id='word_1_230' title='bbox 2726 3129 3049 3194; x_wconf 84' lang='lat' dir='ltr'><strong>Hostilius</strong></span> <span class='ocrx_word' id='word_1_231' title='bbox 3106 3129 3247 3194; x_wconf 87' lang='lat' dir='ltr'><strong>reli-</strong></span> 
     </span>
     <span class='ocr_line' id='line_1_25' title="bbox 699 3233 3251 3322; baseline 0 -22"><span class='ocrx_word' id='word_1_232' title='bbox 699 3237 880 3322; x_wconf 82' lang='lat' dir='ltr'><strong>gavit</strong></span> <span class='ocrx_word' id='word_1_233' title='bbox 945 3237 1024 3300; x_wconf 88' lang='lat' dir='ltr'><strong>ad</strong></span> <span class='ocrx_word' id='word_1_234' title='bbox 1095 3237 1276 3300; x_wconf 87' lang='lat' dir='ltr'><strong>binas</strong></span> <span class='ocrx_word' id='word_1_235' title='bbox 1347 3233 1722 3320; x_wconf 82' lang='lat' dir='ltr'><strong>quadrigas,</strong></span> <span class='ocrx_word' id='word_1_236' title='bbox 1783 3235 1878 3298; x_wconf 92' lang='lat' dir='ltr'><strong>ita</strong></span> <span class='ocrx_word' id='word_1_237' title='bbox 1945 3237 2017 3296; x_wconf 89' lang='lat' dir='ltr'><strong>ut</strong></span> <span class='ocrx_word' id='word_1_238' title='bbox 2086 3235 2167 3298; x_wconf 90' lang='lat' dir='ltr'><strong>ab</strong></span> <span class='ocrx_word' id='word_1_239' title='bbox 2232 3235 2377 3298; x_wconf 89' lang='lat' dir='ltr'><strong>unis</strong></span> <span class='ocrx_word' id='word_1_240' title='bbox 2446 3233 2777 3318; x_wconf 83' lang='lat' dir='ltr'><strong>quadrigis</strong></span> <span class='ocrx_word' id='word_1_241' title='bbox 2842 3237 3251 3300; x_wconf 81' lang='lat' dir='ltr'><strong>traherentur</strong></span> 
     </span>
     <span class='ocr_line' id='line_1_26' title="bbox 593 3339 3249 3428; baseline -0.003 -17"><span class='ocrx_word' id='word_1_242' title='bbox 593 3367 658 3414; x_wconf 79' lang='lat'><strong>25</strong></span> <span class='ocrx_word' id='word_1_243' title='bbox 699 3367 956 3428; x_wconf 85' lang='grc'><strong>111311113,</strong></span> <span class='ocrx_word' id='word_1_244' title='bbox 1001 3345 1196 3426; x_wconf 89' lang='lat' dir='ltr'><strong>pedes</strong></span> <span class='ocrx_word' id='word_1_245' title='bbox 1243 3363 1392 3406; x_wconf 83' lang='lat' dir='ltr'><strong>vero</strong></span> <span class='ocrx_word' id='word_1_246' title='bbox 1443 3341 1520 3404; x_wconf 88' lang='lat' dir='ltr'><strong>ab</strong></span> <span class='ocrx_word' id='word_1_247' title='bbox 1573 3341 1824 3404; x_wconf 83' lang='lat' dir='ltr'><strong>alteris:</strong></span> <span class='ocrx_word' id='word_1_248' title='bbox 1871 3341 2107 3424; x_wconf 88' lang='lat' dir='ltr'><strong>quibus</strong></span> <span class='ocrx_word' id='word_1_249' title='bbox 2154 3339 2419 3424; x_wconf 84' lang='lat' dir='ltr'><strong>agitatis</strong></span> <span class='ocrx_word' id='word_1_250' title='bbox 2464 3341 2773 3404; x_wconf 79' lang='lat' dir='ltr'><strong>velociter</strong></span> <span class='ocrx_word' id='word_1_251' title='bbox 2822 3363 2965 3406; x_wconf 88' lang='lat' dir='ltr'><strong>eum</strong></span> <span class='ocrx_word' id='word_1_252' title='bbox 3006 3343 3249 3406; x_wconf 88' lang='lat' dir='ltr'><strong>crudeli</strong></span> 
     </span>
     <span class='ocr_line' id='line_1_27' title="bbox 699 3447 3245 3534; baseline -0.002 -17"><span class='ocrx_word' id='word_1_253' title='bbox 699 3457 902 3516; x_wconf 87' lang='lat' dir='ltr'><strong>morte</strong></span> <span class='ocrx_word' id='word_1_254' title='bbox 953 3449 1312 3534; x_wconf 86' lang='lat' dir='ltr'><strong>discerpsit.</strong></span> <span class='ocrx_word' id='word_1_255' title='bbox 1401 3449 1626 3514; x_wconf 82' lang='lat' dir='ltr'><strong>videns</strong></span> <span class='ocrx_word' id='word_1_256' title='bbox 1683 3449 1898 3532; x_wconf 89' lang='lat' dir='ltr'><strong>itaque</strong></span> <span class='ocrx_word' id='word_1_257' title='bbox 1945 3451 2139 3530; x_wconf 85' lang='lat' dir='ltr'><strong>poeta</strong></span> <span class='ocrx_word' id='word_1_258' title='bbox 2188 3447 2479 3512; x_wconf 86' lang='lat' dir='ltr'><strong>Romano</strong></span> <span class='ocrx_word' id='word_1_259' title='bbox 2526 3447 2773 3510; x_wconf 88' lang='lat' dir='ltr'><strong>nomini</strong></span> <span class='ocrx_word' id='word_1_260' title='bbox 2822 3449 3245 3534; x_wconf 82' lang='lat' dir='ltr'><strong>incongruam</strong></span> 
     </span>
     <span class='ocr_line' id='line_1_28' title="bbox 699 3555 3247 3642; baseline -0.002 -18"><span class='ocrx_word' id='word_1_261' title='bbox 699 3563 846 3624; x_wconf 85' lang='lat' dir='ltr'><strong>esse</strong></span> <span class='ocrx_word' id='word_1_262' title='bbox 885 3557 1262 3642; x_wconf 84' lang='lat' dir='ltr'><strong>vindictam,</strong></span> <span class='ocrx_word' id='word_1_263' title='bbox 1327 3557 1584 3640; x_wconf 84' lang='lat' dir='ltr'><strong>culpam</strong></span> <span class='ocrx_word' id='word_1_264' title='bbox 1635 3555 1706 3620; x_wconf 90' lang='lat' dir='ltr'><strong>in</strong></span> <span class='ocrx_word' id='word_1_265' title='bbox 1759 3555 2053 3618; x_wconf 88' lang='lat' dir='ltr'><strong>criminis</strong></span> <span class='ocrx_word' id='word_1_266' title='bbox 2106 3557 2439 3640; x_wconf 88' lang='lat' dir='ltr'><strong>retorquet</strong></span> <span class='ocrx_word' id='word_1_267' title='bbox 2488 3559 2845 3638; x_wconf 85' lang='lat' dir='ltr'><strong>auctorem,</strong></span> <span class='ocrx_word' id='word_1_268' title='bbox 2908 3557 3121 3622; x_wconf 88' lang='lat' dir='ltr'><strong>dicens</strong></span> <span class='ocrx_word' id='word_1_269' title='bbox 3172 3579 3247 3620; x_wconf 82' lang='lat' dir='ltr'><strong>ex</strong></span> 
     </span>
     <span class='ocr_line' id='line_1_29' title="bbox 699 3661 3243 3750; baseline -0.002 -18"><span class='ocrx_word' id='word_1_270' title='bbox 699 3689 814 3732; x_wconf 89' lang='lat' dir='ltr'><strong>sua</strong></span> <span class='ocrx_word' id='word_1_271' title='bbox 861 3687 1138 3750; x_wconf 87' lang='lat' dir='ltr'><strong>persona</strong></span> <span class='ocrx_word' id='word_1_272' title='bbox 1185 3665 1262 3730; x_wconf 90' lang='lat' dir='ltr'><strong>ad</strong></span> <span class='ocrx_word' id='word_1_273' title='bbox 1311 3665 1524 3750; x_wconf 83' lang='lat' dir='ltr'><strong>ipsum</strong></span> <span class='ocrx_word' id='word_1_274' title='bbox 1573 3661 1872 3726; x_wconf 88' lang='lat' dir='ltr'><strong>Mettium</strong></span> <span class='ocrx_word' id='word_1_275' title='bbox 1919 3661 2011 3726; x_wconf 72' lang='lat' dir='ltr'><strong>‘at</strong></span> <span class='ocrx_word' id='word_1_276' title='bbox 2056 3665 2129 3726; x_wconf 89' lang='lat' dir='ltr'><strong>tu</strong></span> <span class='ocrx_word' id='word_1_277' title='bbox 2166 3663 2357 3726; x_wconf 86' lang='lat' dir='ltr'><strong>dictis</strong></span> <span class='ocrx_word' id='word_1_278' title='bbox 2398 3663 2651 3726; x_wconf 83' lang='lat' dir='ltr'><strong>Albane</strong></span> <span class='ocrx_word' id='word_1_279' title='bbox 2692 3685 2983 3728; x_wconf 85' lang='lat' dir='ltr'><strong>maneres</strong></span> <span class='ocrx_word' id='word_1_280' title='bbox 2998 3663 3039 3728; x_wconf 77' lang='lat'><strong>⁹.</strong></span> <span class='ocrx_word' id='word_1_281' title='bbox 3100 3663 3243 3726; x_wconf 90' lang='lat' dir='ltr'><strong>ideo</strong></span> 
     </span>
     <span class='ocr_line' id='line_1_30' title="bbox 695 3767 3241 3854; baseline -0.002 -14"><span class='ocrx_word' id='word_1_282' title='bbox 695 3777 890 3840; x_wconf 88' lang='lat' dir='ltr'><strong>etiam</strong></span> <span class='ocrx_word' id='word_1_283' title='bbox 929 3771 1304 3838; x_wconf 64' lang='lat' dir='ltr'><strong>‘mendacis&#39;</strong></span> <span class='ocrx_word' id='word_1_284' title='bbox 1347 3767 1572 3854; x_wconf 81' lang='lat' dir='ltr'><strong>infert,</strong></span> <span class='ocrx_word' id='word_1_285' title='bbox 1617 3775 1692 3834; x_wconf 93' lang='lat' dir='ltr'><strong>ut</strong></span> <span class='ocrx_word' id='word_1_286' title='bbox 1735 3769 1975 3834; x_wconf 87' lang='lat' dir='ltr'><strong>tacitae</strong></span> <span class='ocrx_word' id='word_1_287' title='bbox 2020 3769 2383 3854; x_wconf 87' lang='lat' dir='ltr'><strong>quaestioni</strong></span> <span class='ocrx_word' id='word_1_288' title='bbox 2424 3773 2487 3834; x_wconf 90' lang='lat' dir='ltr'><strong>et</strong></span> <span class='ocrx_word' id='word_1_289' title='bbox 2524 3769 2803 3834; x_wconf 79' lang='lat' dir='ltr'><strong>invidiae</strong></span> <span class='ocrx_word' id='word_1_290' title='bbox 2848 3771 3241 3836; x_wconf 86' lang='lat' dir='ltr'><strong>crudelitatis</strong></span> 
     </span>
    </p>
   </div>
   <div class='ocr_carea' id='block_1_3' title="bbox 837 3997 2983 4074">
    <p class='ocr_par' dir='ltr' id='par_1_3' title="bbox 837 3997 2983 4074">
     <span class='ocr_line' id='line_1_31' title="bbox 837 3997 2983 4074; baseline -0.001 -18"><span class='ocrx_word' id='word_1_291' title='bbox 837 3997 870 4056; x_wconf 72' lang='grc' dir='ltr'><strong>θ’</strong></span> <span class='ocrx_word' id='word_1_292' title='bbox 907 4005 1102 4058; x_wconf 77' lang='lat' dir='ltr'><strong>‘citae&#39;</strong></span> <span class='ocrx_word' id='word_1_293' title='bbox 1143 3999 1380 4074; x_wconf 78' lang='lat' dir='ltr'><strong>divisae]</strong></span> <span class='ocrx_word' id='word_1_294' title='bbox 1423 4001 1492 4058; x_wconf 89' lang='lat' dir='ltr'><strong>cf.</strong></span> <span class='ocrx_word' id='word_1_295' title='bbox 1527 4001 1674 4056; x_wconf 87' lang='lat' dir='ltr'><strong>Non.</strong></span> <span class='ocrx_word' id='word_1_296' title='bbox 1713 4019 1764 4070; x_wconf 87' lang='lat' dir='ltr'><strong>p.</strong></span> <span class='ocrx_word' id='word_1_297' title='bbox 1809 4005 1928 4068; x_wconf 77' lang='lat'><strong>265,</strong></span> <span class='ocrx_word' id='word_1_298' title='bbox 1970 4005 2037 4054; x_wconf 83' lang='lat'><strong>24</strong></span> <span class='ocrx_word' id='word_1_299' title='bbox 2074 3999 2145 4056; x_wconf 90' lang='lat' dir='ltr'><strong>M.</strong></span> <span class='ocrx_word' id='word_1_300' title='bbox 2188 4003 2205 4070; x_wconf 83' lang='lat' dir='ltr'><strong>{l</strong></span> <span class='ocrx_word' id='word_1_301' title='bbox 2252 4005 2321 4054; x_wconf 85' lang='lat'><strong>15</strong></span> <span class='ocrx_word' id='word_1_302' title='bbox 2356 3999 2459 4052; x_wconf 84' lang='lat' dir='ltr'><strong>sed</strong></span> <span class='ocrx_word' id='word_1_303' title='bbox 2492 3999 2663 4070; x_wconf 87' lang='lat' dir='ltr'><strong>quae]</strong></span> <span class='ocrx_word' id='word_1_304' title='bbox 2702 3999 2827 4054; x_wconf 87' lang='lat' dir='ltr'><strong>buc.</strong></span> <span class='ocrx_word' id='word_1_305' title='bbox 2862 3999 2915 4052; x_wconf 88' lang='lat' dir='ltr'>X</span> <span class='ocrx_word' id='word_1_306' title='bbox 2952 4007 2983 4054; x_wconf 82' lang='lat'>2</span> 
     </span>
    </p>
   </div>
   <div class='ocr_carea' id='block_1_4' title="bbox 729 4137 1116 4144">
    <p class='ocr_par' dir='ltr' id='par_1_4' title="bbox 729 4137 1116 4144">
     <span class='ocr_line' id='line_1_32' title="bbox 729 4137 1116 4144; baseline 0 1640"><span class='ocrx_word' id='word_1_307' title='bbox 729 4137 1116 4144; x_wconf 95' lang='lat' dir='ltr'><strong> </strong></span> 
     </span>
    </p>
   </div>
   <div class='ocr_carea' id='block_1_5' title="bbox 577 4209 3243 5146">
    <p class='ocr_par' dir='ltr' id='par_1_5' title="bbox 839 4209 3239 4290">
     <span class='ocr_line' id='line_1_33' title="bbox 839 4209 3239 4290; baseline -0.003 -18"><span class='ocrx_word' id='word_1_308' title='bbox 839 4227 862 4272; x_wconf 90' lang='lat'>1</span> <span class='ocrx_word' id='word_1_309' title='bbox 901 4217 1098 4290; x_wconf 86' lang='lat' dir='ltr'><strong>lupam</strong></span> <span class='ocrx_word' id='word_1_310' title='bbox 1133 4233 1236 4272; x_wconf 83' lang='lat' dir='ltr'><strong>om.</strong></span> <span class='ocrx_word' id='word_1_311' title='bbox 1271 4217 1404 4270; x_wconf 84' lang='lat' dir='ltr'><strong><em>LH</em></strong></span> <span class='ocrx_word' id='word_1_312' title='bbox 1435 4215 1584 4286; x_wconf 80' lang='lat' dir='ltr'><strong>(add.</strong></span> <span class='ocrx_word' id='word_1_313' title='bbox 1619 4217 1660 4284; x_wconf 74' lang='lat' dir='ltr'><strong>Z)</strong></span> <span class='ocrx_word' id='word_1_314' title='bbox 1709 4219 1726 4288; x_wconf 73' lang='lat' dir='ltr'>ss</span> <span class='ocrx_word' id='word_1_315' title='bbox 1779 4215 1971 4284; x_wconf 87' lang='lat' dir='ltr'><strong>lupus]</strong></span> <span class='ocrx_word' id='word_1_316' title='bbox 2020 4209 2281 4288; x_wconf 65' lang='lat' dir='ltr'><strong>commun</strong></span> <span class='ocrx_word' id='word_1_317' title='bbox 2322 4229 2495 4282; x_wconf 83' lang='lat' dir='ltr'><strong>genus</strong></span> <span class='ocrx_word' id='word_1_318' title='bbox 2534 4229 2653 4268; x_wconf 84' lang='grc'><strong>0330</strong></span> <span class='ocrx_word' id='word_1_319' title='bbox 2692 4215 2819 4268; x_wconf 82' lang='lat' dir='ltr'><strong>add.</strong></span> <span class='ocrx_word' id='word_1_320' title='bbox 2860 4215 2951 4284; x_wconf 85' lang='lat' dir='ltr'><strong>M,</strong></span> <span class='ocrx_word' id='word_1_321' title='bbox 2986 4215 3087 4272; x_wconf 76' lang='lat' dir='ltr'><strong>dez.</strong></span> <span class='ocrx_word' id='word_1_322' title='bbox 3124 4231 3181 4266; x_wconf 85' lang='lat' dir='ltr'><strong>m</strong></span> <span class='ocrx_word' id='word_1_323' title='bbox 3226 4215 3239 4282; x_wconf 71' lang='grc' dir='ltr'>Η</span> 
     </span>
    </p>

    <p class='ocr_par' dir='ltr' id='par_1_6' title="bbox 693 4281 3243 4358">
     <span class='ocr_line' id='line_1_34' title="bbox 693 4281 3243 4358; baseline -0.002 -14"><span class='ocrx_word' id='word_1_324' title='bbox 693 4299 724 4344; x_wconf 80' lang='lat'><strong>2</strong></span> <span class='ocrx_word' id='word_1_325' title='bbox 759 4293 820 4344; x_wconf 89' lang='lat' dir='ltr'><strong>in</strong></span> <span class='ocrx_word' id='word_1_326' title='bbox 849 4307 948 4344; x_wconf 85' lang='lat' dir='ltr'><strong>om.</strong></span> <span class='ocrx_word' id='word_1_327' title='bbox 975 4291 1104 4344; x_wconf 68' lang='grc' dir='ltr'><strong>,ΕΗ</strong></span> <span class='ocrx_word' id='word_1_328' title='bbox 1119 4290 1140 4358; x_wconf 90' lang='grc' dir='ltr'><strong>ΙΙ</strong></span> <span class='ocrx_word' id='word_1_329' title='bbox 1167 4287 1422 4342; x_wconf 88' lang='lat' dir='ltr'><strong>feminini</strong></span> <span class='ocrx_word' id='word_1_330' title='bbox 1449 4287 1704 4340; x_wconf 78' lang='lat' dir='ltr'><strong><em>RLHm</em></strong></span> <span class='ocrx_word' id='word_1_331' title='bbox 1755 4285 1985 4342; x_wconf 88' lang='lat' dir='ltr'><strong>feminei</strong></span> <span class='ocrx_word' id='word_1_332' title='bbox 2014 4287 2197 4338; x_wconf 73' lang='lat' dir='ltr'><strong>ASF</strong></span> <span class='ocrx_word' id='word_1_333' title='bbox 2242 4281 2441 4340; x_wconf 87' lang='lat' dir='ltr'><strong>femini</strong></span> <span class='ocrx_word' id='word_1_334' title='bbox 2470 4287 2543 4338; x_wconf 88' lang='lat' dir='ltr'><em>M</em></span> <span class='ocrx_word' id='word_1_335' title='bbox 2568 4287 2587 4354; x_wconf 86' lang='grc' dir='ltr'><strong>ΙΙ</strong></span> <span class='ocrx_word' id='word_1_336' title='bbox 2612 4291 2645 4338; x_wconf 88' lang='grc'><strong>3</strong></span> <span class='ocrx_word' id='word_1_337' title='bbox 2680 4287 3023 4340; x_wconf 85' lang='lat' dir='ltr'><strong>succedanea</strong></span> <span class='ocrx_word' id='word_1_338' title='bbox 3050 4285 3243 4338; x_wconf 66' lang='grc' dir='ltr'><strong>ΑΒΜ</strong></span> 
     </span>
    </p>

    <p class='ocr_par' dir='ltr' id='par_1_7' title="bbox 691 4355 3241 4432">
     <span class='ocr_line' id='line_1_35' title="bbox 691 4355 3241 4432; baseline -0.002 -16"><span class='ocrx_word' id='word_1_339' title='bbox 691 4365 848 4432; x_wconf 74' lang='lat' dir='ltr'><strong>(corr.</strong></span> <span class='ocrx_word' id='word_1_340' title='bbox 887 4365 944 4426; x_wconf 85' lang='grc' dir='ltr'><strong>α)</strong></span> <span class='ocrx_word' id='word_1_341' title='bbox 1001 4361 1316 4414; x_wconf 84' lang='lat' dir='ltr'><strong>sueedanea</strong></span> <span class='ocrx_word' id='word_1_342' title='bbox 1353 4359 1412 4412; x_wconf 98' lang='lat' dir='ltr'><strong>F</strong></span> <span class='ocrx_word' id='word_1_343' title='bbox 1449 4361 1468 4428; x_wconf 79' lang='grc' dir='ltr'><strong>ΙΙ</strong></span> <span class='ocrx_word' id='word_1_344' title='bbox 1509 4365 1546 4410; x_wconf 82' lang='lat'>4</span> <span class='ocrx_word' id='word_1_345' title='bbox 1581 4359 1852 4412; x_wconf 87' lang='lat' dir='ltr'><strong>feminina</strong></span> <span class='ocrx_word' id='word_1_346' title='bbox 1885 4359 1942 4410; x_wconf 99' lang='lat' dir='ltr'><strong><em>L</em></strong></span> <span class='ocrx_word' id='word_1_347' title='bbox 1982 4359 1999 4428; x_wconf 80' lang='grc' dir='ltr'><strong>ΙΙ</strong></span> <span class='ocrx_word' id='word_1_348' title='bbox 2046 4357 2267 4410; x_wconf 83' lang='lat' dir='ltr'><strong>litasset</strong></span> <span class='ocrx_word' id='word_1_349' title='bbox 2302 4355 2433 4408; x_wconf 84' lang='lat' dir='ltr'><strong><em>LH</em></strong></span> <span class='ocrx_word' id='word_1_350' title='bbox 2440 4359 2513 4410; x_wconf 86' lang='lat' dir='ltr'><em>M</em></span> <span class='ocrx_word' id='word_1_351' title='bbox 2548 4361 2703 4424; x_wconf 70' lang='lat' dir='ltr'><strong>(corr.</strong></span> <span class='ocrx_word' id='word_1_352' title='bbox 2742 4359 2785 4428; x_wconf 76' lang='lat' dir='ltr'><strong>Z)</strong></span> <span class='ocrx_word' id='word_1_353' title='bbox 2830 4359 2849 4427; x_wconf 80' lang='grc' dir='ltr'><strong>ΙΙ</strong></span> <span class='ocrx_word' id='word_1_354' title='bbox 2896 4357 3241 4410; x_wconf 82' lang='lat' dir='ltr'><strong>succedanea</strong></span> 
     </span>
    </p>

    <p class='ocr_par' dir='ltr' id='par_1_8' title="bbox 691 4427 3237 4500">
     <span class='ocr_line' id='line_1_36' title="bbox 691 4427 3237 4500; baseline -0.002 -14"><span class='ocrx_word' id='word_1_355' title='bbox 691 4435 886 4488; x_wconf 65' lang='lat' dir='ltr'><strong>ASM</strong></span> <span class='ocrx_word' id='word_1_356' title='bbox 893 4431 958 4486; x_wconf 89' lang='lat' dir='ltr'><strong>F</strong></span> <span class='ocrx_word' id='word_1_357' title='bbox 1003 4437 1158 4500; x_wconf 72' lang='lat' dir='ltr'><strong>(corr.</strong></span> <span class='ocrx_word' id='word_1_358' title='bbox 1201 4431 1272 4498; x_wconf 84' lang='lat' dir='ltr'><strong>a).</strong></span> <span class='ocrx_word' id='word_1_359' title='bbox 1345 4431 1578 4484; x_wconf 87' lang='lat' dir='ltr'><strong>uictima</strong></span> <span class='ocrx_word' id='word_1_360' title='bbox 1611 4445 1760 4500; x_wconf 74' lang='lat' dir='ltr'><strong>supr.</strong></span> <span class='ocrx_word' id='word_1_361' title='bbox 1801 4447 1932 4486; x_wconf 73' lang='lat' dir='ltr'><strong>vere.</strong></span> <span class='ocrx_word' id='word_1_362' title='bbox 1972 4431 2101 4484; x_wconf 81' lang='lat' dir='ltr'><strong>add.</strong></span> <span class='ocrx_word' id='word_1_363' title='bbox 2138 4431 2159 4482; x_wconf 79' lang='lat' dir='ltr'><strong>l</strong></span> <span class='ocrx_word' id='word_1_364' title='bbox 2206 4431 2223 4500; x_wconf 73' lang='grc' dir='ltr'><strong>ΙΙ</strong></span> <span class='ocrx_word' id='word_1_365' title='bbox 2278 4435 2311 4482; x_wconf 87' lang='lat'>5</span> <span class='ocrx_word' id='word_1_366' title='bbox 2348 4429 2611 4482; x_wconf 86' lang='lat' dir='ltr'><strong>adhibere</strong></span> <span class='ocrx_word' id='word_1_367' title='bbox 2652 4427 2713 4482; x_wconf 94' lang='lat' dir='ltr'><strong>F</strong></span> <span class='ocrx_word' id='word_1_368' title='bbox 2758 4429 2779 4498; x_wconf 76' lang='grc'><strong>11</strong></span> <span class='ocrx_word' id='word_1_369' title='bbox 2832 4427 3079 4496; x_wconf 82' lang='lat' dir='ltr'><strong>gratiam</strong></span> <span class='ocrx_word' id='word_1_370' title='bbox 3114 4429 3181 4482; x_wconf 88' lang='lat' dir='ltr'><strong>F</strong></span> <span class='ocrx_word' id='word_1_371' title='bbox 3222 4431 3237 4498; x_wconf 53' lang='lat' dir='ltr'><strong>lg</strong></span> 
     </span>
    </p>

    <p class='ocr_par' dir='ltr' id='par_1_9' title="bbox 693 4497 3241 4574">
     <span class='ocr_line' id='line_1_37' title="bbox 693 4497 3241 4574; baseline -0.002 -14"><span class='ocrx_word' id='word_1_372' title='bbox 693 4513 726 4560; x_wconf 85' lang='lat'>6</span> <span class='ocrx_word' id='word_1_373' title='bbox 759 4505 912 4574; x_wconf 84' lang='lat' dir='ltr'><strong>pacti</strong></span> <span class='ocrx_word' id='word_1_374' title='bbox 953 4505 1092 4558; x_wconf 69' lang='lat' dir='ltr'><strong>coni.</strong></span> <span class='ocrx_word' id='word_1_375' title='bbox 1119 4503 1484 4556; x_wconf 71' lang='lat' dir='ltr'><strong>Burmannus</strong></span> <span class='ocrx_word' id='word_1_376' title='bbox 1509 4501 1528 4568; x_wconf 78' lang='grc' dir='ltr'><strong>ΙΙ</strong></span> <span class='ocrx_word' id='word_1_377' title='bbox 1557 4517 1592 4554; x_wconf 91' lang='grc'><strong>3</strong></span> <span class='ocrx_word' id='word_1_378' title='bbox 1625 4505 1786 4568; x_wconf 86' lang='lat' dir='ltr'><strong>parte</strong></span> <span class='ocrx_word' id='word_1_379' title='bbox 1825 4501 2059 4554; x_wconf 69' lang='lat' dir='ltr'><strong>Daniel:</strong></span> <span class='ocrx_word' id='word_1_380' title='bbox 2098 4502 2289 4570; x_wconf 84' lang='lat' dir='ltr'><strong>aperte</strong></span> <span class='ocrx_word' id='word_1_381' title='bbox 2326 4497 2385 4552; x_wconf 87' lang='lat' dir='ltr'><strong>F</strong></span> <span class='ocrx_word' id='word_1_382' title='bbox 2410 4501 2429 4570; x_wconf 81' lang='grc' dir='ltr'><strong>ΙΙ</strong></span> <span class='ocrx_word' id='word_1_383' title='bbox 2456 4499 2633 4566; x_wconf 80' lang='lat' dir='ltr'><strong>palati</strong></span> <span class='ocrx_word' id='word_1_384' title='bbox 2670 4499 2729 4552; x_wconf 84' lang='lat' dir='ltr'><strong>F</strong></span> <span class='ocrx_word' id='word_1_385' title='bbox 2750 4503 2771 4568; x_wconf 77' lang='grc' dir='ltr'><strong>ΙΙ</strong></span> <span class='ocrx_word' id='word_1_386' title='bbox 2814 4507 2841 4552; x_wconf 79' lang='grc'><strong>7</strong></span> <span class='ocrx_word' id='word_1_387' title='bbox 2880 4499 3091 4554; x_wconf 82' lang='lat' dir='ltr'><strong>rostros</strong></span> <span class='ocrx_word' id='word_1_388' title='bbox 3130 4501 3193 4554; x_wconf 98' lang='lat' dir='ltr'><strong>F</strong></span> <span class='ocrx_word' id='word_1_389' title='bbox 3222 4503 3241 4570; x_wconf 67' lang='lat' dir='ltr'><strong>l}</strong></span> 
     </span>
    </p>

    <p class='ocr_par' dir='ltr' id='par_1_10' title="bbox 691 4569 3237 4642">
     <span class='ocr_line' id='line_1_38' title="bbox 691 4569 3237 4642; baseline -0.002 -12"><span class='ocrx_word' id='word_1_390' title='bbox 691 4583 724 4630; x_wconf 82' lang='lat'><strong>9</strong></span> <span class='ocrx_word' id='word_1_391' title='bbox 761 4581 950 4630; x_wconf 89' lang='lat' dir='ltr'><strong>erecto</strong></span> <span class='ocrx_word' id='word_1_392' title='bbox 987 4575 1098 4630; x_wconf 81' lang='lat' dir='ltr'><strong>AS</strong></span> <span class='ocrx_word' id='word_1_393' title='bbox 1149 4573 1306 4628; x_wconf 79' lang='lat' dir='ltr'><strong>eroto</strong></span> <span class='ocrx_word' id='word_1_394' title='bbox 1341 4571 1396 4624; x_wconf 87' lang='lat' dir='ltr'><em>R</em></span> <span class='ocrx_word' id='word_1_395' title='bbox 1453 4571 1606 4624; x_wconf 87' lang='lat' dir='ltr'><strong>recto</strong></span> <span class='ocrx_word' id='word_1_396' title='bbox 1641 4571 1706 4624; x_wconf 88' lang='lat' dir='ltr'><strong>F</strong></span> <span class='ocrx_word' id='word_1_397' title='bbox 1727 4575 1744 4642; x_wconf 84' lang='grc' dir='ltr'><strong>ΙΙ</strong></span> <span class='ocrx_word' id='word_1_398' title='bbox 1775 4579 1840 4626; x_wconf 91' lang='grc'><strong>11</strong></span> <span class='ocrx_word' id='word_1_399' title='bbox 1875 4569 2257 4642; x_wconf 79' lang='lat' dir='ltr'><strong>intellegimus</strong></span> <span class='ocrx_word' id='word_1_400' title='bbox 2296 4569 2355 4624; x_wconf 84' lang='lat' dir='ltr'><strong>F</strong></span> <span class='ocrx_word' id='word_1_401' title='bbox 2376 4571 2395 4639; x_wconf 85' lang='grc' dir='ltr'><strong>ΙΙ</strong></span> <span class='ocrx_word' id='word_1_402' title='bbox 2430 4575 2491 4622; x_wconf 77' lang='lat'><strong>12</strong></span> <span class='ocrx_word' id='word_1_403' title='bbox 2530 4571 2793 4638; x_wconf 85' lang='lat' dir='ltr'><strong>Mettum]</strong></span> <span class='ocrx_word' id='word_1_404' title='bbox 2830 4573 3039 4624; x_wconf 88' lang='lat' dir='ltr'><strong>mettus</strong></span> <span class='ocrx_word' id='word_1_405' title='bbox 3076 4571 3189 4626; x_wconf 72' lang='lat' dir='ltr'><strong>AS</strong></span> <span class='ocrx_word' id='word_1_406' title='bbox 3224 4575 3237 4642; x_wconf 66' lang='grc' dir='ltr'><strong>’ῃ</strong></span> 
     </span>
    </p>

    <p class='ocr_par' dir='ltr' id='par_1_11' title="bbox 577 4641 3239 4712">
     <span class='ocr_line' id='line_1_39' title="bbox 577 4641 3239 4712; baseline -0.002 -10"><span class='ocrx_word' id='word_1_407' title='bbox 577 4697 582 4702; x_wconf 84' lang='grc'><strong>.</strong></span> <span class='ocrx_word' id='word_1_408' title='bbox 687 4647 894 4702; x_wconf 80' lang='lat' dir='ltr'><strong>metius</strong></span> <span class='ocrx_word' id='word_1_409' title='bbox 933 4647 978 4702; x_wconf 70' lang='lat' dir='ltr'><em>S</em></span> <span class='ocrx_word' id='word_1_410' title='bbox 1027 4647 1260 4700; x_wconf 85' lang='lat' dir='ltr'><strong>metcius</strong></span> <span class='ocrx_word' id='word_1_411' title='bbox 1291 4645 1346 4698; x_wconf 89' lang='lat' dir='ltr'><strong><em>L</em></strong></span> <span class='ocrx_word' id='word_1_412' title='bbox 1371 4647 1388 4712; x_wconf 81' lang='grc' dir='ltr'><strong>ΙΙ</strong></span> <span class='ocrx_word' id='word_1_413' title='bbox 1417 4641 1650 4698; x_wconf 85' lang='lat' dir='ltr'><strong>fufecius</strong></span> <span class='ocrx_word' id='word_1_414' title='bbox 1677 4643 1788 4698; x_wconf 75' lang='lat' dir='ltr'><strong>AS</strong></span> <span class='ocrx_word' id='word_1_415' title='bbox 1841 4643 2095 4698; x_wconf 84' lang='lat' dir='ltr'><strong>fuffecius</strong></span> <span class='ocrx_word' id='word_1_416' title='bbox 2132 4643 2189 4696; x_wconf 89' lang='lat' dir='ltr'><strong><em>L</em></strong></span> <span class='ocrx_word' id='word_1_417' title='bbox 2242 4641 2475 4696; x_wconf 83' lang='lat' dir='ltr'><strong>sufetius</strong></span> <span class='ocrx_word' id='word_1_418' title='bbox 2504 4641 2575 4694; x_wconf 86' lang='grc' dir='ltr'><strong>Η</strong></span> <span class='ocrx_word' id='word_1_419' title='bbox 2582 4643 2653 4694; x_wconf 86' lang='grc' dir='ltr'><em>Μ</em></span> <span class='ocrx_word' id='word_1_420' title='bbox 2680 4643 2797 4712; x_wconf 78' lang='grc'><strong>1114</strong></span> <span class='ocrx_word' id='word_1_421' title='bbox 2826 4641 3239 4698; x_wconf 86' lang='lat' dir='ltr'><strong>mutilationem</strong></span> 
     </span>
    </p>

    <p class='ocr_par' dir='ltr' id='par_1_12' title="bbox 687 4713 3239 4786">
     <span class='ocr_line' id='line_1_40' title="bbox 687 4713 3239 4786; baseline -0.002 -14"><span class='ocrx_word' id='word_1_422' title='bbox 687 4719 778 4772; x_wconf 86' lang='lat' dir='ltr'><strong>uel</strong></span> <span class='ocrx_word' id='word_1_423' title='bbox 817 4719 1188 4772; x_wconf 85' lang='lat' dir='ltr'><strong>mutat-ionem</strong></span> <span class='ocrx_word' id='word_1_424' title='bbox 1215 4715 1266 4770; x_wconf 88' lang='lat' dir='ltr'><strong><em>L</em></strong></span> <span class='ocrx_word' id='word_1_425' title='bbox 1315 4719 1336 4786; x_wconf 84' lang='grc' dir='ltr'><strong>ΙΙ</strong></span> <span class='ocrx_word' id='word_1_426' title='bbox 1377 4713 1632 4782; x_wconf 86' lang='lat' dir='ltr'><strong>Polluce]</strong></span> <span class='ocrx_word' id='word_1_427' title='bbox 1671 4715 1878 4784; x_wconf 87' lang='lat' dir='ltr'><strong>pulliae</strong></span> <span class='ocrx_word' id='word_1_428' title='bbox 1911 4715 1975 4770; x_wconf 86' lang='lat' dir='ltr'><strong>F</strong></span> <span class='ocrx_word' id='word_1_429' title='bbox 2012 4717 2029 4786; x_wconf 83' lang='grc' dir='ltr'><strong>ΙΙ</strong></span> <span class='ocrx_word' id='word_1_430' title='bbox 2090 4721 2155 4768; x_wconf 83' lang='grc'><strong>15</strong></span> <span class='ocrx_word' id='word_1_431' title='bbox 2196 4715 2315 4786; x_wconf 83' lang='grc'><strong>3011]</strong></span> <span class='ocrx_word' id='word_1_432' title='bbox 2354 4713 2431 4766; x_wconf 85' lang='lat' dir='ltr'><strong>sit</strong></span> <span class='ocrx_word' id='word_1_433' title='bbox 2456 4713 2509 4764; x_wconf 77' lang='lat' dir='ltr'><em>R</em></span> <span class='ocrx_word' id='word_1_434' title='bbox 2554 4715 2575 4782; x_wconf 84' lang='grc' dir='ltr'><strong>ΙΙ</strong></span> <span class='ocrx_word' id='word_1_435' title='bbox 2632 4719 2697 4766; x_wconf 80' lang='grc'><strong>17</strong></span> <span class='ocrx_word' id='word_1_436' title='bbox 2734 4731 3011 4768; x_wconf 86' lang='lat' dir='ltr'><strong>summum</strong></span> <span class='ocrx_word' id='word_1_437' title='bbox 3042 4715 3191 4768; x_wconf 87' lang='lat' dir='ltr'><strong>HM</strong></span> <span class='ocrx_word' id='word_1_438' title='bbox 3220 4713 3239 4786; x_wconf 87' lang='grc' dir='ltr'><strong>ΙΙ</strong></span> 
     </span>
    </p>

    <p class='ocr_par' dir='ltr' id='par_1_13' title="bbox 613 4785 3237 4862">
     <span class='ocr_line' id='line_1_41' title="bbox 613 4785 3237 4862; baseline -0.002 -20"><span class='ocrx_word' id='word_1_439' title='bbox 613 4821 616 4826; x_wconf 97' lang='grc'>-</span> <span class='ocrx_word' id='word_1_440' title='bbox 693 4797 756 4842; x_wconf 87' lang='grc'><strong>19</strong></span> <span class='ocrx_word' id='word_1_441' title='bbox 793 4791 990 4842; x_wconf 82' lang='lat' dir='ltr'><strong>tullius</strong></span> <span class='ocrx_word' id='word_1_442' title='bbox 1025 4789 1146 4842; x_wconf 78' lang='lat' dir='ltr'><strong>AB</strong></span> <span class='ocrx_word' id='word_1_443' title='bbox 1173 4791 1194 4860; x_wconf 90' lang='grc' dir='ltr'><strong>ΙΙ</strong></span> <span class='ocrx_word' id='word_1_444' title='bbox 1219 4803 1356 4842; x_wconf 82' lang='grc'><strong>11000</strong></span> <span class='ocrx_word' id='word_1_445' title='bbox 1389 4803 1598 4856; x_wconf 80' lang='lat' dir='ltr'><strong>magna</strong></span> <span class='ocrx_word' id='word_1_446' title='bbox 1631 4785 1688 4838; x_wconf 89' lang='lat' dir='ltr'><strong><em>L</em></strong></span> <span class='ocrx_word' id='word_1_447' title='bbox 1715 4789 1732 4858; x_wconf 80' lang='grc' dir='ltr'><strong>ΙΙ</strong></span> <span class='ocrx_word' id='word_1_448' title='bbox 1759 4793 1830 4840; x_wconf 81' lang='lat'><strong>20</strong></span> <span class='ocrx_word' id='word_1_449' title='bbox 1867 4787 1950 4842; x_wconf 81' lang='lat' dir='ltr'><strong>ita</strong></span> <span class='ocrx_word' id='word_1_450' title='bbox 1986 4803 2087 4842; x_wconf 84' lang='lat' dir='ltr'><strong>om.</strong></span> <span class='ocrx_word' id='word_1_451' title='bbox 2128 4787 2191 4842; x_wconf 86' lang='lat' dir='ltr'><strong>F</strong></span> <span class='ocrx_word' id='word_1_452' title='bbox 2210 4791 2227 4854; x_wconf 76' lang='lat' dir='ltr'><strong>ll</strong></span> <span class='ocrx_word' id='word_1_453' title='bbox 2254 4791 2323 4840; x_wconf 76' lang='lat'><strong>22</strong></span> <span class='ocrx_word' id='word_1_454' title='bbox 2362 4785 2639 4860; x_wconf 70' lang='lat' dir='ltr'><strong>ammissit-3</strong></span> <span class='ocrx_word' id='word_1_455' title='bbox 2680 4785 2799 4854; x_wconf 74' lang='lat' dir='ltr'><strong>(sic)</strong></span> <span class='ocrx_word' id='word_1_456' title='bbox 2836 4785 2951 4840; x_wconf 82' lang='lat' dir='ltr'><strong>iam</strong></span> <span class='ocrx_word' id='word_1_457' title='bbox 2986 4785 3049 4838; x_wconf 85' lang='lat' dir='ltr'><strong>F</strong></span> <span class='ocrx_word' id='word_1_458' title='bbox 3070 4789 3087 4854; x_wconf 80' lang='grc' dir='ltr'><strong>ΙΙ</strong></span> <span class='ocrx_word' id='word_1_459' title='bbox 3114 4785 3237 4862; x_wconf 56' lang='lat' dir='ltr'><strong>red-⁴</strong></span> 
     </span>
    </p>

    <p class='ocr_par' dir='ltr' id='par_1_14' title="bbox 691 4855 3235 4932">
     <span class='ocr_line' id='line_1_42' title="bbox 691 4855 3235 4932; baseline -0.002 -18"><span class='ocrx_word' id='word_1_460' title='bbox 691 4861 774 4914; x_wconf 87' lang='lat' dir='ltr'><strong>dit</strong></span> <span class='ocrx_word' id='word_1_461' title='bbox 811 4861 942 4914; x_wconf 90' lang='lat' dir='ltr'><strong><em>LH</em></strong></span> <span class='ocrx_word' id='word_1_462' title='bbox 987 4863 1006 4932; x_wconf 80' lang='grc' dir='ltr'><strong>ΙΙ</strong></span> <span class='ocrx_word' id='word_1_463' title='bbox 1061 4869 1128 4914; x_wconf 78' lang='lat'><strong>23</strong></span> <span class='ocrx_word' id='word_1_464' title='bbox 1165 4859 1470 4930; x_wconf 82' lang='lat' dir='ltr'><strong>postquam</strong></span> <span class='ocrx_word' id='word_1_465' title='bbox 1503 4857 1620 4910; x_wconf 80' lang='lat' dir='ltr'><strong>Lm</strong></span> <span class='ocrx_word' id='word_1_466' title='bbox 1657 4861 1818 4926; x_wconf 73' lang='lat' dir='ltr'><strong>(corr.</strong></span> <span class='ocrx_word' id='word_1_467' title='bbox 1855 4861 1894 4928; x_wconf 72' lang='lat' dir='ltr'><strong>l)</strong></span> <span class='ocrx_word' id='word_1_468' title='bbox 1949 4865 2083 4928; x_wconf 71' lang='lat' dir='ltr'><strong>post</strong></span> <span class='ocrx_word' id='word_1_469' title='bbox 2116 4875 2283 4928; x_wconf 86' lang='lat' dir='ltr'><strong>quem</strong></span> <span class='ocrx_word' id='word_1_470' title='bbox 2320 4855 2461 4908; x_wconf 83' lang='lat' dir='ltr'><strong>HM</strong></span> <span class='ocrx_word' id='word_1_471' title='bbox 2510 4857 2527 4927; x_wconf 85' lang='grc' dir='ltr'><strong>ΙΙ</strong></span> <span class='ocrx_word' id='word_1_472' title='bbox 2584 4861 2807 4926; x_wconf 87' lang='lat' dir='ltr'><strong>captam</strong></span> <span class='ocrx_word' id='word_1_473' title='bbox 2840 4857 2895 4910; x_wconf 88' lang='lat' dir='ltr'><strong><em>L</em></strong></span> <span class='ocrx_word' id='word_1_474' title='bbox 2934 4861 3089 4926; x_wconf 70' lang='lat' dir='ltr'><strong>(corr.</strong></span> <span class='ocrx_word' id='word_1_475' title='bbox 3130 4859 3173 4926; x_wconf 71' lang='lat' dir='ltr'><strong>l)</strong></span> <span class='ocrx_word' id='word_1_476' title='bbox 3218 4857 3235 4928; x_wconf 48' lang='grc' dir='ltr'><strong>ἒξ</strong></span> 
     </span>
    </p>

    <p class='ocr_par' dir='ltr' id='par_1_15' title="bbox 687 4927 3235 5004">
     <span class='ocr_line' id='line_1_43' title="bbox 687 4927 3235 5004; baseline -0.002 -18"><span class='ocrx_word' id='word_1_477' title='bbox 687 4931 882 4986; x_wconf 83' lang='lat' dir='ltr'><strong>tullius</strong></span> <span class='ocrx_word' id='word_1_478' title='bbox 909 4933 1136 5004; x_wconf 50' lang='lat' dir='ltr'><strong>5³1an</strong></span> <span class='ocrx_word' id='word_1_479' title='bbox 1165 4939 1236 4986; x_wconf 78' lang='grc'><strong>24</strong></span> <span class='ocrx_word' id='word_1_480' title='bbox 1271 4935 1448 4986; x_wconf 85' lang='grc'><strong>3111133</strong></span> <span class='ocrx_word' id='word_1_481' title='bbox 1485 4929 1582 5000; x_wconf 86' lang='grc'><strong>(311</strong></span> <span class='ocrx_word' id='word_1_482' title='bbox 1617 4929 1754 4984; x_wconf 83' lang='grc'><strong>111133</strong></span> <span class='ocrx_word' id='word_1_483' title='bbox 1785 4931 2013 5000; x_wconf 74' lang='lat' dir='ltr'><strong>Daniel)</strong></span> <span class='ocrx_word' id='word_1_484' title='bbox 2056 4929 2351 4998; x_wconf 82' lang='lat' dir='ltr'><strong>quadrigas</strong></span> <span class='ocrx_word' id='word_1_485' title='bbox 2380 4927 2443 4980; x_wconf 91' lang='lat' dir='ltr'><strong>F</strong></span> <span class='ocrx_word' id='word_1_486' title='bbox 2464 4929 2481 4998; x_wconf 84' lang='grc' dir='ltr'><strong>ΙΙ</strong></span> <span class='ocrx_word' id='word_1_487' title='bbox 2508 4929 2593 4980; x_wconf 82' lang='lat' dir='ltr'><strong>ita</strong></span> <span class='ocrx_word' id='word_1_488' title='bbox 2620 4971 2633 4982; x_wconf 91' lang='lat'><strong>.</strong></span> <span class='ocrx_word' id='word_1_489' title='bbox 2658 4971 2671 4982; x_wconf 91' lang='lat'>.</span> <span class='ocrx_word' id='word_1_490' title='bbox 2698 4971 2709 4982; x_wconf 89' lang='lat'><strong>.</strong></span> <span class='ocrx_word' id='word_1_491' title='bbox 2738 4929 3025 4998; x_wconf 82' lang='lat' dir='ltr'><strong>quadrigis</strong></span> <span class='ocrx_word' id='word_1_492' title='bbox 3064 4947 3163 4982; x_wconf 83' lang='lat' dir='ltr'><strong>om.</strong></span> <span class='ocrx_word' id='word_1_493' title='bbox 3184 4929 3235 4980; x_wconf 91' lang='lat' dir='ltr'><strong><em>L</em></strong></span> 
     </span>
    </p>

    <p class='ocr_par' dir='ltr' id='par_1_16' title="bbox 687 4999 3233 5146">
     <span class='ocr_line' id='line_1_44' title="bbox 689 4999 3233 5075; baseline -0.002 -17"><span class='ocrx_word' id='word_1_494' title='bbox 689 5005 838 5070; x_wconf 72' lang='lat' dir='ltr'><strong>(add.</strong></span> <span class='ocrx_word' id='word_1_495' title='bbox 875 5005 912 5070; x_wconf 78' lang='lat' dir='ltr'><strong>l)</strong></span> <span class='ocrx_word' id='word_1_496' title='bbox 945 5007 964 5075; x_wconf 84' lang='grc' dir='ltr'><strong>ΙΙ</strong></span> <span class='ocrx_word' id='word_1_497' title='bbox 991 5003 1170 5058; x_wconf 83' lang='lat' dir='ltr'><strong>abinis</strong></span> <span class='ocrx_word' id='word_1_498' title='bbox 1209 5003 1320 5058; x_wconf 83' lang='lat' dir='ltr'><strong>AS</strong></span> <span class='ocrx_word' id='word_1_499' title='bbox 1353 5005 1446 5070; x_wconf 90' lang='lat' dir='ltr'><strong>(ab</strong></span> <span class='ocrx_word' id='word_1_500' title='bbox 1481 5001 1604 5056; x_wconf 87' lang='lat' dir='ltr'><strong>unis</strong></span> <span class='ocrx_word' id='word_1_501' title='bbox 1641 5005 1700 5070; x_wconf 80' lang='lat' dir='ltr'><strong>a)</strong></span> <span class='ocrx_word' id='word_1_502' title='bbox 1725 5006 1744 5070; x_wconf 83' lang='grc' dir='ltr'><strong>ΙΙ</strong></span> <span class='ocrx_word' id='word_1_503' title='bbox 1773 5009 1842 5058; x_wconf 78' lang='lat'><strong>26</strong></span> <span class='ocrx_word' id='word_1_504' title='bbox 1877 5005 2095 5058; x_wconf 78' lang='lat' dir='ltr'><strong>romani</strong></span> <span class='ocrx_word' id='word_1_505' title='bbox 2130 4999 2371 5056; x_wconf 80' lang='lat' dir='ltr'><strong>nominis</strong></span> <span class='ocrx_word' id='word_1_506' title='bbox 2410 5001 2631 5070; x_wconf 71' lang='lat' dir='ltr'><strong>(ominis</strong></span> <span class='ocrx_word' id='word_1_507' title='bbox 2672 5001 2761 5070; x_wconf 88' lang='lat' dir='ltr'><strong>H)</strong></span> <span class='ocrx_word' id='word_1_508' title='bbox 2800 5001 2991 5054; x_wconf 75' lang='lat' dir='ltr'><strong>RLH</strong></span> <span class='ocrx_word' id='word_1_509' title='bbox 3014 5004 3033 5071; x_wconf 85' lang='grc' dir='ltr'><strong>ΙΙ</strong></span> <span class='ocrx_word' id='word_1_510' title='bbox 3070 5007 3137 5054; x_wconf 78' lang='lat'><strong>27</strong></span> <span class='ocrx_word' id='word_1_511' title='bbox 3178 5001 3233 5052; x_wconf 89' lang='lat' dir='ltr'><strong>in</strong></span> 
     </span>
     <span class='ocr_line' id='line_1_45' title="bbox 687 5073 2765 5146; baseline -0.001 -16"><span class='ocrx_word' id='word_1_512' title='bbox 687 5093 786 5130; x_wconf 80' lang='lat' dir='ltr'><strong>om.</strong></span> <span class='ocrx_word' id='word_1_513' title='bbox 827 5075 886 5130; x_wconf 84' lang='lat' dir='ltr'><strong>F</strong></span> <span class='ocrx_word' id='word_1_514' title='bbox 907 5077 928 5144; x_wconf 81' lang='grc' dir='ltr'><strong>ΙΙ</strong></span> <span class='ocrx_word' id='word_1_515' title='bbox 969 5077 1320 5142; x_wconf 83' lang='lat' dir='ltr'><strong>retorquetur</strong></span> <span class='ocrx_word' id='word_1_516' title='bbox 1355 5073 1416 5126; x_wconf 89' lang='lat' dir='ltr'><strong>F</strong></span> <span class='ocrx_word' id='word_1_517' title='bbox 1467 5075 1754 5142; x_wconf 81' lang='lat' dir='ltr'><strong>retorquet</strong></span> <span class='ocrx_word' id='word_1_518' title='bbox 1791 5075 1852 5130; x_wconf 85' lang='lat' dir='ltr'><strong>in</strong></span> <span class='ocrx_word' id='word_1_519' title='bbox 1887 5077 2097 5130; x_wconf 71' lang='lat' dir='ltr'><strong>Daniel</strong></span> <span class='ocrx_word' id='word_1_520' title='bbox 2136 5079 2155 5146; x_wconf 84' lang='grc' dir='ltr'><strong>ΙΙ</strong></span> <span class='ocrx_word' id='word_1_521' title='bbox 2202 5079 2267 5128; x_wconf 82' lang='grc'><strong>29</strong></span> <span class='ocrx_word' id='word_1_522' title='bbox 2310 5073 2659 5146; x_wconf 83' lang='lat' dir='ltr'><strong>credulitatis</strong></span> <span class='ocrx_word' id='word_1_523' title='bbox 2698 5073 2765 5128; x_wconf 84' lang='lat' dir='ltr'><em>H</em></span> 
     </span>
    </p>
   </div>
   <div class='ocr_carea' id='block_1_6' title="bbox 2566 5149 2589 5254">
    <p class='ocr_par' dir='ltr' id='par_1_17' title="bbox 2566 5149 2589 5254">
     <span class='ocr_line' id='line_1_46' title="bbox 2566 5149 2589 5254; baseline 0 -22"><span class='ocrx_word' id='word_1_524' title='bbox 2566 5149 2589 5254; x_wconf 63' lang='lat' dir='ltr'><em>j</em></span> 
     </span>
    </p>
   </div>
   <div class='ocr_carea' id='block_1_7' title="bbox 2536 5257 2565 5320">
    <p class='ocr_par' dir='ltr' id='par_1_18' title="bbox 2536 5257 2565 5320">
     <span class='ocr_line' id='line_1_47' title="bbox 2536 5257 2565 5320; baseline 0 -40"><span class='ocrx_word' id='word_1_525' title='bbox 2536 5257 2565 5320; x_wconf 60' lang='lat' dir='ltr'><strong>ll</strong></span> 
     </span>
    </p>
   </div>
  </div>
 </body>
</html>
