3900 5784
1287 621 1512 678 COMM.
1555 623 1632 678 1N
1671 621 1884 678 VERG.
1925 621 2097 678 AEN.
2132 623 2263 678 VIII
2302 629 2601 680 428—435.
3074 627 3207 692 265

643 795 816 854 vento
827 839 844 872 ,
903 787 1202 852 adserunt
1257 789 1612 874 attributas,
1677 789 1840 870 qnod
1887 787 1999 852 hoe
2056 789 2179 852 loeo
2234 791 2573 858 ostendunt.
2662 813 2817 858 nam
2866 813 3007 858 euin
3064 793 3217 858 dicit

645 895 786 960 ‘tris
833 895 1046 960 imbris
1097 897 1236 960 torti
1269 895 1526 978 radios',
1575 897 1782 960 Iovem
1829 895 2209 978 siqnificasse
2248 897 2653 978 intelleyitur5
2704 921 2841 966 cum
2884 923 3021 966 vero
3072 901 3211 966 ‘tr-is

645 1003 830 1068 nubis
863 999 1164 1086 aquosae',
1215 1003 1518 1070 Iunonem
1565 1005 1884 1086 intelleyit;
1937 1023 2077 1068 omn
2118 1005 2325 1068 aretem
2362 999 2577 1068 ‘rutili‘
2612 1007 2727 1070 tris
2764 1009 2977 1092 iynis',
3022 1009 3207 1074 Esar*

645 1117 764 1176 tem
773 1131 796 1188 ;
855 1115 910 1174 et
953 1111 1040 1174 sie
1087 1111 1386 1176 adiectum
1435 1111 1638 1178 ‘alitis
1685 1109 1961 1190 Austri',
2014 1109 2239 1176 seilicet
2282 1113 2463 1174 venti.
2556 1113 2675 1176 alii
2710 1113 2847 1178 ideo
2896 1121 3211 1180 terno-rum

645 1219 970 1284 radiorum
1019 1221 1236 1284 volunt
1283 1223 1648 1286 mentionem
1709 1223 1973 1304 factam,
2034 1221 2187 1302 quia
2238 1219 2479 1298 fulmen
2542 1219 2861 1284 trisulcum
2916 1227 3037 1286 est:
3100 1229 3215 1288 ant
3248 1233 3283 1282 5

645 1327 812 1390 enim
851 1329 1110 1394 terebrat
1141 1335 1254 1392 aut
1291 1329 1560 1392 incendit
1593 1335 1710 1394 aut
1737 1329 1780 1408 †
1797 1329 2077 1392 cli-sclina.
2114 1333 2173 1390 et
2200 1325 2439 1390 ‘imbris
2474 1325 2617 1390 torti
2654 1327 2885 1392 radios'
2916 1349 3039 1410 pro
3070 1329 3211 1394 ‘tor-

647 1439 740 1500 tos
793 1433 1056 1516 radios',
1113 1433 1324 1500 ‘torti'
1379 1439 1584 1500 autem
1635 1435 2011 1500 vehementis.
2102 1437 2161 1496 et
2212 1431 2325 1496 hoc
2380 1431 2557 1498 verbo
2608 1433 2959 1514 frequenter
3010 1437 3213 1500 utitur

643 1545 920 1624 quotiens
963 1545 1092 1608 vini
1131 1545 1412 1624 aliquam
1455 1545 1586 1606 vult
1617 1541 1981 1624 exprimere,
2026 1543 2097 1602 nt
2132 1537 2269 1622 <IX
2302 1539 2473 1624 668>
2526 1545 2815 1620 torquet
2854 1563 3211 1622 aquosam

643 1651 948 1716 hiemem
991 1653 1050 1714 et
1095 1647 1230 1732 <IV
1267 1647 1446 1728 208>
1491 1671 1590 1712 an
1631 1653 1698 1712 te
1731 1647 2059 1730 yenitor,
2100 1667 2257 1710 eum
2300 1647 2631 1728 fulmina
2678 1653 2985 1730 torques.

825 1757 974 1820 431.
1047 1771 1416 1818 nvnoonns
1473 1769 1660 1818 NVNC
1719 1735 2131 1818 TERRIF'icos
2194 1777 2351 1838 quas
2414 1755 2731 1838 fulgetras
2792 1755 3031 1818 dicunt.
3248 1767 3313 1816 10

645 1881 1096 1940 SONITVMQVE
1129 1877 1518 1936 METVMQVE
1563 1881 1688 1926 non
1723 1881 1902 1944 quem
1937 1861 2223 1944 habeant,
2268 1863 2373 1926 sed
2418 1883 2595 1944 quein
2628 1863 2925 1942 inferant.
2994 1867 3055 1926 et
3094 1883 3211 1944 per

649 1971 934 2036 sonitum
979 1971 1270 2034 tonitrua
1319 1969 1626 2052 ostendit,
1685 1991 1800 2054 per
1853 1971 2101 2034 metum
2158 1969 2497 2054 fulgetras.
2590 1971 2659 2034 et
2702 1969 2873 2034 hunc
2924 1967 3209 2034 ordinem

647 2079 738 2142 sic
793 2079 1044 2162 posuit,
1103 2079 1180 2140 ut
1233 2075 1602 2142 hominibus
1661 2077 1942 2142 videtur:
2000 2099 2155 2142 nam
2212 2099 2285 2140 re
2318 2097 2497 2142 0vera
2552 2075 2727 2160 prior
2786 2079 2885 2140 est
2942 2075 3211 2142 conlisio

645 2185 946 2268 nubium,
989 2185 1158 2248 unde
1207 2183 1376 2268 ignis
1425 2185 1688 2250 emicat:
1731 2207 1850 2250 nos
1891 2187 2107 2250 autem
2146 2185 2289 2250 ideo
2326 2185 2507 2268 prius
2548 2181 2863 2268 fulgetras
2902 2183 3209 2264 videmus,

647 2315 842 2378 quam
905 2293 1198 2358 tonitrua
1261 2289 1628 2374 audiamus,
1705 2293 1852 2375 quia
1917 2291 2203 2356 velocior
2266 2291 2627 2370 oculorum,
2700 2311 2893 2374 quam
2958 2289 3211 2354 aurium
3252 2301 3319 2350 15

651 2421 876 2466 sensus
927 2403 1042 2464 est.

829 2505 976 2570 432.
1053 2523 1492 2586 SEQVAOIBVS·
1529 2505 2099 2592 persecutricibus:
2158 2505 2455 2588 qnoniam
2506 2527 2713 2588 rapam
2768 2511 3005 2572 natura
3046 2507 3213 2588 ionis

645 2621 748 2682 est.
841 2619 898 2678 et
943 2613 1086 2678 ordo
1131 2617 1220 2676 est
1267 2613 1548 2696 “irasque
1587 2613 1862 2698 flammis
1909 2611 2319 2696 sequacibns’.

825 2721 974 2788 433.
1051 2747 1198 2788 eree
1209 2747 1322 2796 mre
1331 2747 1404 2788 VE
1437 2747 1656 2796 Rofflse
1667 2749 1738 2790 VE
1767 2745 1932 2788 nova
1964 2721 2215 2788 elocutio
2254 2721 2533 2790 ‘currum
2566 2727 2625 2786 et
2656 2727 2825 2790 rotas
2848 2721 3211 2790 instabant'.

645 2853 752 2896 nee
813 2851 924 2896 nos
981 2835 1218 2896 moveat
1273 2831 1438 2912 qnod
1485 2833 1556 2896 in
1607 2831 1786 2896 domo
1841 2817 2107 2896 Vulcani
2152 2831 2357 2896 Marti
2424 2851 2645 2894 currus
2700 2829 3053 2910 fabricatur
3060 2853 3081 2908 ,·
3150 2851 3211 2896 eo
3252 2839 3319 2886 20

645 2941 810 3004 enim
855 2937 1098 3004 absente
1135 2937 1580 3018 fabricabatur.

825 3045 974 3110 435.
1049 3061 1454 3122 AEGIDAQVE
1507 3063 1969 3110 HORRIFERAM
2032 3047 2211 3132 aegis
2266 3046 2531 3132 proprie
2586 3049 2689 3110 est
2740 3047 3213 3112 munimentum

647 3153 932 3238 pectoris
979 3173 1262 3236 aereum,
1309 3153 1566 3218 habens·
1603 3153 1676 3216 in
1719 3153 1930 3218 medio
1978 3153 2311 3240 Gorgonis
2356 3157 2575 3236 caput:
2636 3153 2809 3238 quod
2852 3153 3213 3218 munimen—

645 3263 788 3324 tum
837 3261 890 3324 si
939 3261 1006 3324 in
1053 3265 1314 3342 pectore
1363 3261 1650 3324 numinis
1705 3259 1934 3346 fuerit,
1990 3261 2173 3348 aegis
2218 3265 2513 3326 vocatur:
2574 3261 2629 3324 si
2678 3261 2745 3324 in
2792 3265 3053 3346 pectore
3096 3261 3211 3326 ho-

797 3461 824 3508 1
863 3453 1162 3510 ettributas
1191 3453 1252 3508 F
1275 3456 1294 3523 11
1321 3455 1468 3522 quod
1505 3457 1612 3510 hoc
1643 3455 1776 3510 loco
1815 3455 2113 3510 ostendunt
2152 3471 2251 3510 om.
2278 3455 2329 3508 T
2350 3457 2371 3524 11
2402 3453 2593 3510 dicunt
2620 3453 2683 3508 F
2702 3457 2721 3524 11
2752 3461 2785 3508 3
2822 3453 3083 3524 intellegi
3112 3455 3175 3510 F
3196 3455 3213 3528 11

649 3543 774 3582 cum
813 3527 996 3582 autem
1039 3543 1134 3580 om.
1173 3527 1222 3578 T
1243 3527 1264 3594 11
1309 3531 1340 3578 4
1379 3527 1440 3580 et
1473 3525 1556 3582 sic
1593 3527 1878 3582 adiectum
1915 3543 2015 3582 om
2052 3527 2101 3580 T
2122 3531 2141 3598 11
2178 3527 2329 3582 alitis
2366 3527 2545 3582 austri
2580 3527 2803 3582 scilieet
2836 3527 3021 3608 uenti]
3058 3525 3213 3582 alitis

645 3599 778 3654 aliis
825 3597 1008 3652 uentis
1049 3597 1108 3650 F
1161 3597 1314 3650 alitis
1359 3597 1538 3652 austri
1581 3601 1814 3654 uentum
1851 3597 2031 3652 austri
2076 3597 2421 3668 significasse
2464 3599 2691 3652 uidetur
2730 3599 2785 3650 T
2844 3597 3001 3652 alitis
3040 3599 3213 3654 austri

649 3669 834 3724 ventis
881 3669 1238 3724 Commelinns
1315 3669 1466 3720 alitis
1517 3669 1692 3722 austri
1725 3669 1886 3724 venti
1933 3669 2263 3726 Maeciam-3.
2328 3669 2551 3724 scilicet
2590 3685 2687 3740 eyo
2734 3669 2959 3738 addidi,
3016 3669 3075 3724 id
3130 3673 3215 3724 est

645 3741 804 3796 venti
849 3741 1116 3794 Heinsius
1173 3741 1190 3810 11
1239 3739 1368 3792 ideo
1419 3755 1518 3794 om.
1563 3741 1612 3792 T
1647 3743 1666 3810 11
1719 3745 1752 3792 5
1801 3741 2013 3792 factum
2060 3741 2119 3792 F
2170 3745 2193 3824 11
2240 3741 2451 3794 fulmen
2496 3741 2847 3794 mtrisulcum
2890 3711 2959 3794 F'
3000 3739 3211 3810 (01*1511-

651 3813 866 3866 sulcum
903 3811 1130 3878 Daniel)
1163 3813 1182 3880 11
1215 3811 1538 3864 trisulctum
1577 3811 1628 3864 T
1663 3815 1682 3880 11
1725 3817 1758 3864 6
1797 3810 2049 3865 terebrat
2080 3813 2281 3880 scripsi
2320 3813 2413 3882 (cf.
2442 3811 2647 3866 Festus
2680 3829 2719 3866 s,
2762 3829 2809 3868 v.
2854 3811 3211 3878 ‘trisuleumss

647 3883 798 3938 Serv.
837 3883 914 3936 ad
949 3881 1086 3936 Aen.
1125 3881 1182 3936 Π
1217 3883 1374 3950 6450:
1425 3883 1656 3962 gerebat
1693 3881 1756 3936 F
1805 3881 1965 3936 afflat
2000 3883 2309 3936 Masvicins
2360 3885 2381 3952 11
2434 3885 2535 3936 aut
2578 3879 2833 3936 incendit
2872 3883 3211 3936 Mascieins:

645 3953 964 4010 incenditur
997 3953 1062 4004 F
1089 3955 1108 4020 11
1155 3953 1254 4008 aut
1293 3951 1530 4008 disclina
1565 3953 1646 4008 F.
1687 3953 1788 4006 aut
1821 3951 2065 4022 dissipat
2100 3955 2431 4008 MasviciuS.
2484 3953 2643 4008 afflat
2678 3955 3021 4008 intercidisse
3058 3953 3213 4008 Festi

647 4033 702 4080 et
735 4025 918 4080 Servii
961 4025 1284 4078 testimoniis
1325 4025 1482 4078 modo
1531 4027 1950 4080 commemoratis
1996 4029 2317 4080 ostenditur.
2374 4027 2443 4092 cf.
2484 4027 2649 4080 etiam
2696 4027 2775 4080 ad
2806 4041 2983 4094 yeory.
3026 4029 3051 4080 1
3088 4031 3209 4080 332.

651 4095 888 4150 disclina
925 4101 1114 4150 natum
1153 4095 1366 4150 videtur
1405 4113 1470 4150 eae
1507 4095 1820 4166 disciplina,
1857 4101 1924 4152 ut
1947 4097 2037 4152 his
2070 4099 2181 4164 fere
2216 4099 2423 4152 lacuna
2452 4097 2723 4166 explenda
2760 4097 2833 4150 sit
2868 4099 2935 4152 ut
2968 4097 3213 4152 testatur

645 4169 1012 4222 Etruscorum
1059 4167 1126 4220 de
1175 4167 1530 4236 fulguratura
1575 4167 1896 4238 disciplina.
1958 4169 2029 4234 cf.
2068 4173 2147 4224 ad
2182 4169 2317 4224 Aen.
2356 4167 2383 4218 I
2422 4173 2503 4220 42.
2562 4167 2719 4222 afflat
2770 4167 2919 4222 enim
2962 4167 3213 4222 terebrat

649 4239 900 4294 incendit
935 4241 998 4292 ut
1035 4237 1116 4290 ait
1147 4237 1386 4292 Caecina
1415 4239 1480 4292 de
1509 4239 1746 4296 Etrusca
1777 4239 2073 4308 disciplina
2100 4241 2239 4296 coni.
2274 4239 2343 4296 F.
2366 4239 2679 4294 Schoelliua
2716 4245 2947 4294 ceterum
2976 4257 3085 4308 pro
3118 4243 3215 4294 aut

651 4313 840 4366 enim.
905 4309 1188 4366 ,disclina
1211 4311 1340 4364 haee
1369 4311 1582 4368 exhibet
1611 4311 1664 4362 Τ
1711 4311 1904 4380 fulgus
1941 4311 2093 4380 quod
2122 4311 2311 4380 tangit
2326 4311 2529 4396 fulgur
2556 4311 2705 4380 quod
2732 4311 2985 4364 incendit
3014 4313 3069 4364 et
3094 4309 3213 4366 urit

647 4383 858 4438 fulmen
899 4381 1052 4452 quod
1089 4383 1292 4434 cuneat
1323 4381 1386 4434 id
1425 4383 1506 4436 est
1545 4383 1706 4436 findit
1739 4383 1758 4452 11
1803 4389 1830 4438 ’ἲ
1869 4383 2219 4438 vehementis
2258 4383 2479 4466 scripsi:
2524 4383 2817 4438 chimentis
2858 4383 2919 4434 F
2968 4383 3211 4436 elemen-

645 4455 718 4506 tis
753 4455 964 4510 Daniel
1015 4455 1036 4524 11
1089 4457 1158 4506 10
1195 4471 1496 4508 TERRIFICOS
1545 4471 1646 4508 om.
1685 4455 1818 4506 libri·
1857 4461 2077 4522 praeter
2118 4457 2213 4522 M,
2264 4457 2359 4526 qui
2396 4475 2437 4510 Τ.
2476 4455 2639 4510 habet
2686 4457 2707 4524 11
2764 4455 2927 4524 quas]
2978 4469 3125 4520 quae
3160 4453 3213 4506 L

645 4527 806 4592 (quas
843 4527 882 4594 l)
923 4541 1062 4606 quos
1101 4525 1178 4578 M
1197 4527 1216 4592 11
1243 4523 1466 4594 fulgora
1495 4525 1630 4578 ΕΗ
1665 4525 1957 4594 (fulgetras
1996 4527 2037 4596 Ζ)
2092 4527 2395 4596 fulgestras
2434 4525 2495 4578 F
2542 4525 2791 4594 fulgoras
2826 4527 2929 4594 ‘mn
2956 4529 3025 4578 12
3064 4525 3209 4578 ordi-

643 4611 774 4650 nem
813 4615 926 4650 non
961 4597 1044 4650 sic
1073 4597 1162 4650 M.
1197 4597 1292 4650 sed
1319 4599 1560 4664 pertinet
1591 4599 1720 4652 haee
1759 4599 2047 4654 adnotatio
2080 4617 2195 4654 non
2232 4601 2307 4654 ad
2344 4595 2695 4666 sonitumque
2734 4597 3079 4662 metumque,
3118 4595 3211 4650 sed

645 4667 718 4720 ad
753 4667 1002 4736 fulgores
1039 4687 1090 4720 n.
1129 4671 1176 4722 t.
1209 4667 1564 4736 sonitumque
1589 4671 1608 4738 11
1653 4673 1718 4722 14
1759 4667 1963 4722 emicat
2002 4671 2217 4724 ASM:
2260 4671 2483 4724 emanat
2520 4667 2719 4736 reliqui
2746 4668 2767 4737 11
2804 4671 2869 4720 15
2910 4667 3209 4722 audiantur

647 4737 720 4788 M
775 4741 1032 4794 audimus
1071 4737 1132 4792 F
1173 4741 1218 4822 fl·
1245 4745 1312 4794 16
1359 4741 1446 4794 est
1479 4755 1580 4794 om.
1623 4739 1686 4794 F
1721 4740 1742 4808 11
1801 4743 1864 4792 17
1905 4741 1981 4794 ad
2020 4759 2339 4804 suovncmvs
2376 4755 2529 4806 supr.
2566 4755 2699 4794 vers
2740 4739 3209 4806 persecutricibus

645 4809 910 4874 quoniam
953 4813 1160 4866 natura
1203 4811 1348 4880 ignis
1401 4827 1572 4882 rapax
1621 4813 1704 4866 est
1747 4811 1798 4864 T
1847 4811 1866 4880 11
1923 4817 1989 4864 19
2032 4815 2105 4866 ad
2144 4829 2427 4866 mensuum
2460 4827 2613 4878 supr.
2654 4827 2789 4864 vers.
2824 4809 3043 4866 instant
3078 4811 3209 4880 (leye

641 4879 936 4962 instanter)
969 4881 1306 4940 efficiebant.
1371 4887 1428 4938 et
1463 4887 1552 4938 est
1583 4899 1734 4938 noua
1773 4881 2017 4936 elocutio
2058 4885 2109 4938 2
2146 4887 2163 4957 11
2206 4899 2351 4938 noue
2392 4881 2599 4934 locutio
2644 4881 2703 4934 F
2734 4882 2755 4951 11
2802 4899 3061 4936 curruum
3098 4881 3161 4936 F
3190 4879 3209 4950 ΙΙ

643 4955 708 5004 22
747 4953 968 5020 proprie
1011 4995 1024 5006 .
1057 4995 1068 5006 .
1097 4997 1110 5008 .
1153 4953 1308 5022 aegis
1343 4971 1446 5008 om.
1473 4953 1602 5010 LH
1629 4955 1782 5022 (add.
1811 4953 1848 5020 l)
1881 4953 1902 5022 11
1927 4953 2317 5010 indumentum
2344 4953 2403 5006 R
2452 4951 2845 5034 nunimentum
2876 4953 2935 5008 F
2958 4953 2977 5024 11
3008 4959 3073 5008 23
3116 4967 3205 5004 ae-

641 5039 764 5074 rum
807 5023 880 5076 M
917 5027 1164 5088 (aereum
1191 5029 1266 5094 m)
1305 5043 1498 5078 uerum
1531 5025 1590 5080 F
1611 5027 1632 5096 11
1661 5031 1728 5080 24
1767 5025 2025 5094 uocatur]
2064 5027 2197 5094 quid
2236 5025 2311 5080 sit
2344 5023 2503 5094 aegis
2540 5025 2667 5080 add
2698 5025 2755 5078 A
2794 5025 2917 5094 (del.
2948 5027 3025 5094 a).
3064 5025 3205 5078 idem

633 5093 704 5148 in
737 5109 914 5162 ωαψς.
951 5095 1164 5148 exhibet
1197 5097 1240 5148 S
1281 5097 1300 5166 11
1345 5097 1398 5148 si
1433 5095 1492 5148 in
1531 5099 1758 5166 pectore
1797 5095 2039 5152 hominis
2074 5113 2175 5152 om.
2204 5097 2263 5154 R
