3900 5784
705 657 834 722 282
1531 663 1534 668 ·
1859 647 2099 702 36111111

883 815 1030 880 597.
1105 833 1330 880 PROPE
1399 831 1716 878 CAERITIS
1783 829 2033 878 AMNEM
2102 813 2335 896 Agylla
2400 813 2627 878 civitas
2694 819 2791 878 est
2856 815 3153 898 Tusciae,
3222 839 3257 878 a

703 923 1038 986 conditore
1063 923 1290 1004 Ayella
1335 921 1690 1004 appellata,
1739 921 1840 986 cui
1879 941 1955 982 ex
1994 919 2255 984 inscitia
2288 919 2587 984 Romana
2624 923 2793 986 aliud
2846 925 2943 986 est
2980 921 3253 986 inditum

635 1079 640 1086 .
703 1049 956 1092 nomen.
1031 1049 1182 1090 nam
1231 1049 1380 1090 cum
1425 1025 1702 1092 Romani
1753 1031 1981 1090 euntes
2026 1049 2143 1108 per
2186 1025 2493 1090 Tusciam
2536 1025 3255 1112 interrogarentAgyl-

701 1135 872 1198 linos
919 1155 1082 1216 quae
1131 1133 1448 1198 diceretur
1495 1133 1748 1218 civitas,
1793 1133 1918 1216 illi,
1968 1135 2191 1214 utpote
2234 1131 2489 1218 Graeci,
2534 1133 2687 1218 quid
2728 1133 3025 1200 audirent
3070 1135 3251 1220 igno-

569 1225 572 1228 *
635 1259 664 1304 5
705 1245 924 1306 rantes
973 1245 1040 1304 et
1083 1241 1402 1324 optimum
1447 1241 1754 1306 ducentes
1801 1241 1862 1304 si
1895 1241 2071 1324 prius
2114 1261 2223 1304 eos
2264 1241 2645 1324 salutarent,
2696 1241 2995 1306 dixerunt
3038 1253 3253 1326 χαϊρεε

701 1371 896 1432 quam
943 1349 1398 1412 salutationem
1447 1349 1728 1412 Romani
1771 1369 2009 1414 nomen
2054 1347 2341 1412 civitatis
2386 1369 2525 1410 esse
2570 1349 2989 1432 putaverunt,
3034 1351 3101 1412 et
3146 1349 3253 1410 de-

699 1457 912 1518 tracta
967 1455 1366 1538 aspiratione
1423 1477 1564 1520 eam
1615 1453 1814 1520 Caere
1865 1453 2303 1538 nominarunt,
2364 1457 2435 1516 ut
2492 1451 2645 1518 dicit
2690 1453 2989 1538 Hyginus
3034 1455 3107 1518 in
3150 1475 3255 1516 ur·

701 1561 892 1626 bibus
927 1561 1196 1626 Italicis,
1265 1559 1518 1626 ‘amnis'
1557 1565 1774 1626 autem
1811 1565 1924 1646 aut
1962 1561 2153 1626 tacuit
2174 1581 2421 1644 nomen,
2460 1565 2597 1644 cant,
2630 1565 2703 1622 ab
2738 1553 2991 1640 quidam
3024 1561 3253 1638 volant,

697 1667 904 1734 Minio
955 1667 1216 1752 dicitur,
1279 1671 1350 1732 ut
1397 1667 1498 1750 <X
1545 1669 1714 1752 183>
1765 1668 1892 1752 qui
1937 1667 2259 1734 Caerete
2312 1667 2531 1732 domo
2578 1667 2707 1750 qui
2756 1669 2933 1730 sunt
2978 1665 3251 1730 Minio-

593 1793 660 1840 10
697 1775 816 1838 nis
875 1775 950 1838 in
1009 1773 1234 1842 arvis,
1313 1777 1432 1842 alii
1477 1775 1662 1840 Caffl’e
1705 1781 1975 1840 montem
2008 1777 2339 1860 putabant,
2394 1775 2471 1840 ab
2516 1775 2625 1840 hoc
2666 1775 2959 1856 oppidum
3002 1775 3249 1838 dictam.

877 1883 1022 1950 598.
1099 1901 1280 1948 LATE
1325 1901 1546 1948 SAOER
1591 1883 1716 1946 hoc
1765 1889 1868 1948 est
1909 1907 2039 1948 non
2088 1883 2297 1948 solum
2348 1883 2677 1946 colebatur
2728 1907 2765 1946 a
2810 1881 3055 1946 civibus
3068 1933 3087 1966 ‚
3138 1881 3249 1944 sed

697 1991 896 2054 etiam
941 1991 1024 2054 ab
1071 1989 1324 2054 accolis.
1519 2009 1688 2060 VND‘IQ
1701 2015 1774 2054 η·
1815 1991 1977 2054 deest
2020 1989 2275 2072 ‘quem',
2324 1991 2411 2054 vel
2460 1987 2675 2054 ‘eum'.

877 2095 1024 2162 599.
1095 2111 1308 2158 NIGRA
1359 2093 1688 2178 umbrosa,
1739 2117 1912 2160 more
1964 2117 2099 2160 suo,
2532 2163 2541 2172 ,

877 2203 1022 2266 600.
1097 2219 1414 2264 VETERES
1473 2217 1812 2266 SAORASSE
1873 2217 2229 2268 PELASGOS
2292 2201 2369 2264 de
2430 2201 2533 2264 his
2606 2201 2783 2264 varia
2844 2205 2941 2264 est
3002 2201 3251 2284 opini03
3304 2215 3309 2218 '

595 2325 660 2372 15
697 2333 850 2372 nam
907 2309 1022 2372 alii
1067 2333 1176 2374 eos
1237 2309 1316 2372 ab
1369 2307 1902 2392 Α11161116113111113,
1960 2309 2073 2372 alii
2132 2331 2169 2372 a
2218 2307 2577 2372 Laconibus
2590 2359 2607 2394 7
2666 2309 2777 2372 alii
2836 2331 2883 2372 a·
2918 2307 3249 2372 Thessalis

693 2417 916 2480 dicunt
959 2417 1278 2500 originem
1325 2415 1578 2498 ducere,
1631 2415 1798 2498 quod
1847 2419 1946 2480 est
1994 2417 2405 2498 propensius:
2450 2437 2603 2480 nam
2648 2415 2889 2480 multas
2934 2415 3247 2502 intThes-

695 2523 858 2588 salia
903 2523 1330 2608 Pelasgorum
1391 2525 1648 2588 constat
1703 2545 1846 2588 esse
1901 2523 2217 2588 civitates·
2306 2523 2377 2586 hi
2420 2521 2617 2606 primi
2654 2521 2915 2588 Italiam
2966 2523 3249 2586 tenuisse

691 2629 1132 2714 perhibentur.
1223 2629 1632 2696 Philochorus
1681 2631 1780 2694 ait
1827 2631 1961 2694 ideo
2018 2631 2367 2694 nominatos
2408 2629 2729 2710 Pelasyos,
2780 2633 2945 2710 quod
2996 2629 3141 2694 vel-is
3194 2633 3253 2692 61

691 2759 876 2802 verno
921 2741 1180 2820 tempore
1225 2737 1512 2802 advazire
1553 2737 1672 2802 visi
1717 2741 1888 2820 sunt,
1929 2741 2007 2802 ut
2048 2757 2199 2802 aveS.
2266 2735 2561 2820 Hyyinus
2606 2737 2755 2802 dicit
2788 2735 3083 2818 Pelasyos
3126 2757 3251 2802 esse

585 2857 656 2906 20
691 2845 802 2926 qai
853 2843 1160 2928 Tyrrheni
1201 2849 1380 2908 sunt:
1423 2843 1534 2910 hoc
1575 2845 1764 2908 etiam
1819 2843 2039 2908 Varro
2068 2849 2509 2908 commemorat.
2832 2845 2837 2848 ’

871 2951 1018 3016 601.
1089 2939 1428 3016 ARVORVM
1475 2969 1910 3028 PECORISQVE
1945 2967 2089 3014 DEO
2138 2951 2397 3034 publica
2442 2951 2981 3016 caerimoniarum
3024 2951 3245 3036 opinio

689 3059 814 3122 hoc
861 3059 1084 3140 habet,
1133 3079 1438 3140 pecorum
1489 3061 1552 3122 et
1599 3077 1906 3140 agrorum
1954 3059 2143 3122 deum
2190 3079 2329 3122 esse
2374 3057 2733 3122 Silvanum.
2794 3059 3245 3142 prudentiores

691 3165 910 3228 tamen
967 3165 1214 3248 dicunt,
1279 3187 1418 3228 esse
1485 3187 1632 3230 eum
1693 3159 1930 3228 ὑλικὸν
2000 3161 2195 3242 θεὸν,
2260 3163 2385 3228 1106
2438 3167 2537 3228 631
2606 3165 2789 3228 deum
2846 3159 3027 3258 {5232ss
3118 3159 3245 3246 ὕλη

691 3275 910 3334 autem
953 3273 1054 3334 est
1099 3269 1246 3336 faex
1293 3273 1582 3336 omnium
1631 3271 2125 3356 elementorum,
2168 3269 2235 3334 id
2280 3275 2381 3336 est
2416 3271 2591 3356 ignis
2638 3269 2959 3334 sordidior
3006 3275 3069 3336 et
3120 3293 3247 3356 aer,

587 3389 656 3438 25
691 3377 852 3444 item
899 3401 1064 3464 aqua
1113 3383 1178 3444 et
1223 3383 1398 3444 terra
1443 3379 1788 3458 sordidior,
1837 3379 2281 3444 unde-cuncta
2324 3383 2773 3462 procreantur:
2834 3401 3025 3464 quam
3074 3373 3245 3460 ὕλην

689 3485 904 3554 Latini
949 3485 1290 3550 materiam
1339 3487 1858 3572 appellaverunt3
1915 3507 2033 3548 nec
2080 3485 2457 3570 incongrue,
2506 3505 2649 3560 cum
2696 3485 3005 3548 materiae
3052 3485 3245 3548 silva-

689 3615 832 3656 rum
883 3593 1030 3656 sint.
1105 3615 1258 3676 ergo
1305 3593 1478 3676 quod
1517 3591 1746 3656 Graeci
1795 3615 1834 3656 a
1879 3595 2045 3674 toto,
2092 3591 2215 3656 1106
2264 3589 2479 3656 Latini
2526 3613 2563 3654 a
2612 3595 2791 3674 parte
2842 3593 3151 3656 dixerunt.

689 3715 1068 3776 LVOVMQVE
1111 3715 1426 3776 DIEMQVE
1477 3701 1600 3762 hoc
1641 3721 1678 3762 a
1717 3697 2025 3762 Romanis
2062 3699 2289 3780 traxit,
2340 3697 2507 3780 apud
2546 3719 2709 3782 quos
2748 3697 2909 3760 nihil
2948 3697 3071 3760 fuit
3108 3701 3245 3762 tam

837 3881 904 3930 14
941 3875 1012 3928 de
1047 3873 1138 3928 his
1175 3891 1222 3928 6.
1265 3893 1312 3942 q.
1355 3875 1420 3944 3.]
1465 3875 1534 3930 cf,
1573 3873 1698 3928 Isid.
1743 3891 1816 3928 or.
1849 3873 1924 3926 IX
1954 3879 2005 3938 2,
2036 3874 2245 3944 741125
2282 3891 2445 3940 quam
2486 3867 2627 3942 ὕλην
2666 3917 2675 3928 .
2710 3917 2723 3926 .
2756 3915 2765 3926 .
2798 3873 3065 3928 silvarum
3104 3873 3243 3944 sint]

691 3963 868 4000 exscr.
907 3945 1038 4000 Isid.
1077 3963 1156 4000 or.
1195 3943 1324 3998 XIII
1365 3953 1414 4012 3,
1455 3953 1484 4000 1
1525 3947 1582 3998 et
1619 3947 1896 4014 mythogr.
1933 3943 2015 3998 III
2048 3949 2099 4014 8,
2140 3953 2171 3998 2

689 4109 766 4162 ad
799 4125 848 4160 v.
889 4111 994 4162 596
1039 4109 1088 4160 is
1133 4109 1228 4176 qai
1269 4107 1594 4162 Tironianis
1639 4109 1784 4160 ‘notis
1831 4107 2089 4160 utebatur
2134 4109 2197 4160 in
2240 4105 2549 4160 Turonensi
2590 4105 2723 4160 haec
2766 4107 3065 4176 adscripsit
3112 4123 3245 4174 qua-

691 4179 1038 4244 drupedante
1073 4177 1264 4232 sonitu
1293 4221 1306 4232 .
1333 4195 1542 4232 nouum
1583 4179 1814 4232 uerbum
1855 4181 1936 4230 est
1976 4177 2429 4244 quadrupedante
2468 4177 2651 4232 sonitu
2678 4177 2739 4230 id
2766 4181 2855 4232 est
2890 4175 3077 4230 sonitu
3116 4175 3247 4244 equi

689 4251 952 4316 quattuor
983 4249 1156 4316 pedes
1181 4247 1436 4302 habentis
1463 4251 1486 4316 ΙΙ
1517 4253 1540 4298 1
1579 4267 1790 4302 cennens
1819 4247 2089 4298 ALMF
2112 4251 2131 4316 ΙΙ
2156 4247 2331 4316 agilla
2366 4247 2501 4300 libri
2522 4253 2747 4316 praeter
2772 4247 2849 4314 R,
2882 4249 2983 4316 qui
3008 4247 3245 4316 agillina

689 4319 902 4374 cah-ibet
925 4321 944 4388 ss
973 4325 1006 4372 2
1043 4335 1112 4372 ex
1149 4335 1248 4372 om.
1275 4319 1330 4370 R
1357 4321 1378 4388 ΙΙ
1403 4319 1630 4372 inscitia
1663 4319 1806 4372 Rm:
1847 4317 2111 4372 inscithia
2138 4319 2189 4370 A
2230 4317 2507 4386 (inscitcia
2534 4319 2591 4388 a)
2628 4317 2801 4372 inscia
2834 4319 2877 4372 S
2928 4317 3159 4372 inscicia
3188 4317 3243 4370 L

687 4389 910 4444 iustitia
943 4391 1016 4442 H
1057 4389 1360 4442 inscientia
1399 4391 1472 4442 M
1485 4391 1540 4442 F
1585 4391 1606 4460 ΙΙ
1651 4397 1682 4442 4
1723 4389 1916 4442 audie?
1958 4391 2015 4442 R
2066 4389 2365 4442 audierant
2396 4389 2451 4440 L
2514 4389 2791 4444 audierint
2838 4405 2903 4442 ew
2948 4387 3245 4442 andierent

691 4463 770 4514 M
791 4463 808 4530 ΙΙ
839 4467 872 4516 5
909 4477 1002 4514 603
1039 4477 1138 4514 om.
1167 4459 1280 4514 As
1301 4463 1322 4526 u
1351 4459 1718 4514 salutauerint
1755 4461 1804 4512 L
1831 4461 1852 4528 ΙΙ
1879 4479 2035 4514 nsum
2074 4461 2131 4514 R
2168 4463 2219 4530 (t
2256 4463 2415 4514 chere
2454 4459 2513 4512 id
2550 4463 2635 4514 est
2670 4459 2825 4514 salue
2862 4475 3127 4526 superscr.
3166 4463 3241 4514 al.

687 4535 862 4602 man.)
897 4551 1030 4586 xnpe
1065 4533 1120 4586 L
1171 4545 1346 4592 ΧΞΗΡΕ
1391 4533 1462 4584 Μ
1485 4533 1506 4598 l}
1547 4537 1576 4584 6
1619 4531 1856 4584 Romani
1893 4547 1991 4586 om.
2038 4531 2087 4586 R
2114 4535 2133 4604 ΙΙ
2168 4539 2199 4588 7
2242 4547 2363 4586 cere
2400 4531 2531 4584 libri
2558 4531 2579 4598 ΙΙ
2616 4531 2855 4598 hyginus
2892 4529 3005 4586 AS
3054 4529 3151 4600 igfi
3188 4533 3245 4586 R

687 4603 876 4672 iginus
905 4605 1036 4658 LH
1081 4603 1282 4674 yginus
1309 4603 1390 4656 M
1393 4601 1450 4656 F
1473 4605 1492 4672 ΙΙ
1519 4601 1600 4672 in]
1635 4601 1700 4654 de
1735 4601 1792 4654 F
1813 4605 1834 4670 ΙΙ
1865 4607 1894 4656 8
1933 4607 2151 4676 autem]
2186 4601 2363 4674 ipsius
2400 4601 2645 4654 ciuitatis
2682 4601 2807 4654 add.
2834 4599 2905 4652 M
2930 4603 2951 4670 ΙΙ
2980 4609 3009 4656 9
3036 4601 3241 4674 Minio]

623 4687 628 4690 '
681 4675 862 4746 lslsllso
899 4675 952 4728 R
993 4677 1272 4744 (quattuor
1309 4677 1520 4728 litterae
1555 4675 1758 4728 deletae
1791 4675 1942 4742 sunt)
1992 4677 2011 4742 ll
2060 4675 2151 4748 ut]
2198 4673 2331 4742 quia
2370 4669 2507 4724 alibi
2542 4671 2681 4724 dicit
2720 4669 2779 4724 F
2818 4672 2841 4739 ΙΙ
2892 4675 3075 4728 cerete
3114 4675 3245 4730 libri

679 4751 904 4814 praeter
937 4747 994 4800 R
1031 4749 1130 4814 qui
1165 4749 1314 4800 certe
1353 4745 1606 4814 εει-1111161111
1641 4745 1838 4796 domos
1877 4751 1912 4814 Γ]
1949 4745 2049 4814 1011
2102 4755 2165 4802 10
2204 4747 2375 4800 Caere
2410 4743 2795 4796 Burmannus:
2838 4745 2989 4798 certe
3024 4745 3089 4798 F
3110 4749 3129 4814 ΙΙ
3170 4749 3245 4802 ab

689 4817 796 4868 hoc
837 4817 1170 4872 Masvicius:
1219 4819 1288 4872 ob
1327 4819 1432 4870 hoc
1471 4817 1532 4870 F
1579 4821 1600 4884 ΙΙ
1657 4821 1722 4868 12
1763 4817 1836 4870 ad
1873 4835 2107 4880 371⁸ster
2142 4833 2291 4886 supr.
2330 4829 2465 4868 vers,
2504 4813 2659 4866 deest
2698 4829 2865 4880 quem
2900 4815 3089 4870 lucum
3130 4817 3183 4870 T
3226 4817 3245 4888 ΙΙ

691 4893 760 4940 18
797 4887 1168 4942 Philochorus
1209 4885 1542 4944 Masvicius:
1581 4887 1864 4942 filiocorus
1901 4889 1961 4940 F
2012 4889 2271 4946 filocorus
2312 4883 2669 4938 Commelinus
2714 4887 2735 4954 1]
2788 4891 2855 4940 19
2892 4889 3095 4956 yginas
3134 4889 3195 4942 F
3226 4891 3243 4958 '1

687 4967 760 5012 20
793 4961 1008 5028 tyrreni
1045 4959 1108 5012 F
1155 4961 1174 5028 ΙΙ
1229 4965 1298 5012 24
1333 4959 1484 5028 ignis
1521 4957 1720 5012 ASF:
1775 4957 1894 5026 igni
1927 4961 2063 5014 RH
2114 4963 2243 5030 igne
2278 4955 2397 5012 Lm
2450 4957 2609 5024 ignes
2646 4955 2723 5020 M
2772 4961 2789 5026 ΙΙ
2846 4959 3123 5014 sordidior
3158 4963 3241 5032 et]

689 5031 1026 5084 subduceret
1051 5031 1162 5084 AS
1185 5035 1204 5098 fl
1237 5031 1312 5098 et]
1359 5033 1420 5082 ut
1447 5031 1504 5084 L
1529 5033 1546 5098 ΙΙ
1575 5045 1702 5084 aere
1731 5029 1786 5080 R
1799 5031 1874 5082 M
1883 5033 1900 5084 l
1927 5035 1946 5100 ΙΙ
1976 5037 2041 5084 25
2082 5049 2225 5100 aque
2262 5033 2443 5082 terrae
2476 5027 2525 5080 L
2582 5045 2615 5080 a
2652 5043 2723 5080 ue
2758 5031 2907 5082 terra
2946 5031 3015 5084 H
3064 5049 3243 5098 aquae

687 5105 748 5154 et
783 5101 968 5156 terrae
1009 5099 1068 5154 F
1089 5105 1110 5168 1]
1139 5099 1450 5154 sordidiora
1487 5101 1618 5154 RH
1625 5099 1682 5154 F
1705 5101 1724 5168 ΙΙ
1761 5105 1828 5154 26
1867 5103 2105 5158 materia
2140 5099 2267 5156 ΕΗ
2300 5099 2459 5168 (corr.
2502 5099 2537 5166 l)
2566 5099 2587 5168 ΙΙ
2664 5105 2693 5152 7
2734 5099 2837 5154 hoc
2874 5117 2975 5156 om.
3014 5099 3135 5156 RL

2588 5223 2623 5302 s
