3900 5784
709 641 840 704 242
1867 639 2113 696 SERVII

709 825 872 882 aves,
921 825 1080 884 quae
1121 799 1418 866 alumna-e
1463 803 1704 870 Martis
1745 803 1942 882 fuisse
1986 805 2303 886 dicuntur,
2356 825 2513 886 quae
2556 805 2665 868 hoc
2694 807 3043 886 periculum
3086 805 3277 886 reyio-

705 913 888 996 nibus
935 909 1320 994 invocabant,
1355 911 1522 990 quod
1555 929 1692 972 eum
1725 915 1922 972 essent
1943 909 2279 994 plurimae,
2314 911 2581 974 volantes
2624 917 2863 978 tantum
2898 913 3271 996 plumarum

703 1017 790 1080 de·
827 1037 890 1080 se
945 1017 1318 1094 emittebant,
1381 1023 1452 1080 ut
1509 1017 1784 1080 homines
1835 1021 1896 1080 et
1947 1017 2263 1080 animalia
2312 1015 2625 1100 necarer-it,
2690 1041 2871 1102 ayros
2926 1025 2983 1082 et
3034 1019 3273 1082 semina

607 1197 610 1200 ,
703 1125 918 1188 omnia
959 1123 1344 1206 cooperirent.
1431 1125 1572 1188 inde
1613 1125 1806 1188 ovilia
1847 1123 2253 1186 Elidensium
2296 1125 2481 1206 reyis,
2530 1145 2683 1206 quae
2726 1131 2983 1190 stercore
3030 1127 3273 1188 anima—

633 1243 666 1290 5
705 1231 858 1296 lium
907 1235 1178 1314 conyesto
1213 1231 1632 1312 pestilentiam
1669 1235 1798 1292 tam
1831 1231 1963 1292 suis
2008 1251 2195 1310 quam
2240 1231 2461 1294 vicinis
2506 1231 2851 1312 reqionibus
2898 1237 3271 1308 creaverant,

701 1337 958 1404 inmisso
993 1337 1230 1418 Alpheo
1265 1339 1524 1420 flumine
1555 1339 1854 1420 puryavit
1889 1341 1946 1398 et
1980 1335 2329 1418 reqionibus
2362 1337 2721 1402 salubritate
2758 1341 3021 1422 reddita,
3062 1341 3269 1420 ipsum

699 1465 898 1528 reyem
959 1449 1182 1534 neyata
1243 1445 1362 1510 sibi
1425 1447 1688 1510 mercede
1749 1445 2071 1508 interemit.
2164 1445 2305 1506 inde
2366 1465 2545 1536 equos
2602 1443 2923 1510 Diomedis
2990 1445 3269 1526 Thracis,

699 1541 810 1632 qui
861 1551 1158 1614 humanis
1209 1553 1502 1616 carnibus
1555 1551 1967 1636 vescebantur,
2030 1551 2301 1614 abduxit.
2394 1551 2537 1614 inde
2588 1553 2677 1614 ad
2714 1551 3095 1634 JIippolytae
3140 1553 3267 1616 cin-

693 1659 914 1740 9ulum
945 1659 1270 1740 petendum
1305 1659 1582 1740 perrexit
1615 1677 1866 1740 eamque
1903 1657 2103 1722 ablato
2144 1657 2385 1740 cinyulo
2420 1657 2743 1738 superavit.
2806 1659 2897 1722 ad
2920 1657 3265 1740 Geryonem

597 1777 666 1824 10
699 1771 932 1848 autem,
983 1767 1146 1830 sicut
1193 1767 1324 1830 iam
1377 1785 1572 1848 supra
1617 1763 1790 1848 <VII
1835 1763 2015 1848 662>
2064 1765 2295 1828 dictum
2348 1769 2455 1848 est,
2514 1765 2663 1828 navi
2714 1785 2905 1828 aenea
2946 1767 3267 1848 naviyavit

705 1877 864 1956 teryo
905 1873 1096 1954 leonis
1131 1873 1470 1956 velificans,
1519 1871 1716 1954 ibique
1749 1875 2037 1954 primum
2076 1893 2317 1956 canem,
2362 1873 2683 1950 Echidnae
2716 1871 2947 1954 filium,
2986 1875 3265 1956 peremit,

699 1979 918 2050 deinde
959 1979 1318 2062 Eurytiona
1351 1983 1694 2062 pastorem,
1739 1979 1981 2040 Martis
2024 1979 2069 2058 fi
2074 1979 2227 2042 lium
2236 2029 2255 2060 ‚
2298 1981 2629 2044 novissime
2672 1977 3043 2064 Geryonem,
3088 1983 3265 2044 euius

697 2085 960 2150 abduoeit
1019 2089 1318 2148 armenta.
1413 2085 1554 2148 item
1611 2085 1698 2148 ad
1749 2085 2133 2166 Hesperidas
2184 2087 2479 2168 perrexit,
2542 2091 2601 2148 et
2652 2085 2993 2166 Antaeum,
3052 2087 3259 2168 tilium

703 2191 954 2276 Terrae,
999 2193 1224 2256 victum
1275 2193 1598 2256 luctatione
1643 2193 1894 2256 necavit.
1974 2193 2119 2256 inde
2162 2193 2229 2256 in
2276 2193 2549 2274 Aeyypto
2596 2193 2959 2256 Busiridem
3006 2195 3259 2278 necavit,

591 2319 660 2368 15
695 2301 806 2382 qui
849 2301 1230 2364 advenientes
1275 2299 1538 2382 hospites
1577 2299 1902 2364 immolare
1941 2303 2341 2364 consueverat.
2410 2303 2551 2380 post-
2584 2299 3043 2382 Prometheum,
3090 2301 3263 2364 Iovis

693 2407 954 2488 imperio
993 2407 1078 2468 'in
1135 2403 1410 2470 Caucaso
1461 2411 1668 2470 monte
1715 2405 2069 2486 reliyatum,
2134 2405 2323 2468 occisa
2386 2407 2627 2486 sayittis
2682 2407 2899 2488 aquila
2962 2407 3259 2470 liberavit.

693 2511 1030 2578 Acheloum
1073 2515 1260 2578 etiam
1305 2513 1590 2596 fluvium,
1641 2511 1750 2592 qui
1791 2531 1854 2574 se
1889 2517 2143 2594 propter
2176 2511 2577 2596 Deianiram,
2632 2511 2813 2578 Oenei
2854 2513 3061 2602 filiam
3072 2565 3091 2598 ,
3138 2533 3257 2578 cer-

693 2621 882 2686 tando
919 2643 1056 2686 oum
1081 2619 1350 2684 Hercule
1385 2621 1454 2684 in
1497 2621 1738 2700 formas
1775 2621 1987 2684 varias
2032 2621 2467 2702 commutabat,
2518 2625 2821 2684 mutatum
2868 2621 2935 2684 in
2986 2625 3255 2700 taurum,

691 2729 906 2794 avulso
949 2729 1028 2792 ab
1071 2729 1180 2792 illo
1225 2749 1440 2808 cornu,
1487 2729 1746 2792 victoria
1789 2731 1989 2792 cedere
2032 2727 2319 2810 conpulit.
2388 2733 2533 2808 post
2578 2727 2815 2810 Lycum
2862 2749 3085 2812 reyem,
3130 2727 3257 2810 qui,

583 2853 654 2902 20
691 2853 756 2898 se
799 2837 968 2916 apud
1011 2835 1242 2916 inferos
1277 2835 1626 2912 constitutO,
1665 2835 1997 2918 Meyaram
2040 2855 2293 2898 uxorem
2336 2835 2467 2898 eius
2516 2839 2931 2916 temptaverat,
2982 2855 3255 2898 reversus

679 2943 972 3024 peremit:
1011 2947 1266 3024 propter
1307 2943 1482 3006 ouius
1529 2961 1728 3006 necem
1765 2941 1926 3006 Iuno
1974 2943 2031 3006 ei
2062 2943 2387 3006 insaniam
2428 2943 2625 3026 misit,
2668 2949 2743 3006 ut
2782 2961 3037 3006 umorem
3082 2961 3255 3006 neoa-

689 3055 786 3114 ret
825 3069 900 3114 ac
941 3051 1124 3132 filios.
1195 3051 1304 3132 qui
1337 3057 1510 3130 post,
1553 3053 1792 3130 recepta
1833 3051 2131 3132 sanitate,
2176 3069 2311 3114 eum
2350 3051 2759 3132 expiationem
2788 3049 3139 3132 parricidii.
3172 3049 3253 3114 ab

689 3157 982 3238 Apolline
1023 3159 1276 3240 petisset
1327 3179 1434 3222 nec
1491 3157 1566 3222 ab
1623 3177 1686 3222 eo
1731 3177 2027 3238 responsa
2078 3159 2419 3240 meruisset,
2476 3159 2577 3220 ira
2632 3159 2897 3222 concitus
2950 3159 3253 3222 cortinam

687 3267 894 3344 ipsam
955 3271 1014 3328 et
1073 3267 1370 3348 tripodem
1421 3265 1742 3346 Apollinis
1801 3265 2083 3328 sustulit:
2152 3265 2221 3328 ob
2284 3267 2447 3344 quod
2506 3265 2709 3328 iratus
2768 3265 3049 3348 Iuppiter
3114 3285 3251 3328 eum

583 3387 654 3438 25
693 3369 1034 3450 Omphalae
1089 3373 1312 3436 servire
1365 3371 1686 3452 praecepit.
1779 3371 1955 3432 euius
2012 3369 2157 3450 linis
2214 3369 2623 3434 humanitatis
2680 3371 2825 3434 talis
2878 3369 3019 3450 fuit.
3112 3393 3251 3434 eum

687 3477 1066 3540 Deianiram
1113 3481 1426 3558 coniuqem
1459 3499 1578 3560 per
1625 3477 1910 3560 fluvium,
1966 3479 2031 3540 in
2074 3499 2191 3558 Quo
2242 3477 2473 3542 Nessus
2518 3475 2869 3542 Centaurus
2908 3499 3247 3544 commean-

687 3591 774 3648 tes
833 3585 1274 3668 transvehebat‚
1337 3587 1524 3648 etiam
1579 3585 1876 3648 Hercules
1931 3585 2311 3648 transvehere
2368 3585 2563 3662 vellet,
2628 3605 2817 3648 ausus
2872 3591 2961 3648 est
3014 3585 3249 3650 Nessus

687 3693 910 3756 occulte
941 3693 1320 3756 Deianiram
1367 3693 1438 3756 de
1483 3697 1692 3774 stupro
1731 3691 2137 3774 interpellare.
2198 3693 2363 3774 quod
2402 3711 2539 3756 cum
2572 3691 2873 3756 Hercules
2906 3694 3251 3774 donov-isset

687 3801 954 3864 Nessum
993 3803 1266 3882 peremit.
1337 3801 1444 3866 sed
1471 3801 1704 3864 Nessus
1743 3801 2009 3864 moriens
2034 3801 2407 3864 Deianiram
2454 3801 2723 3888 monuit,
2764 3805 2839 3862 ut
2878 3801 3245 3882 sanquinem

579 3923 650 3972 30
683 3927 870 3972 suum
911 3915 1232 3990 eoeeeptum
1283 3911 1572 3988 servaret,
1629 3911 1682 3970 et
1727 3909 1782 3970 si
1825 3909 2071 3990 quando
2134 3909 2491 3972 advertisset
2530 3907 2863 3970 Herculem
2914 3907 3115 3970 altera
3154 3909 3243 3986 fe-

741 4117 750 4126 ·
829 4107 856 4152 1
901 4101 1144 4156 alumine
1181 4101 1244 4154 F
1255 4101 1302 4156 Τ
1323 4103 1342 4170 11
1371 4107 1402 4154 2
1439 4099 1696 4154 uolentes
1739 4099 1798 4152 F
1819 4101 1836 4170 11
1867 4099 2203 4170 plumarum]
2248 4101 2665 4166 sizercorumque
2704 4097 2831 4152 add.
2872 4099 2929 4150 D
2958 4099 3033 4170 113
3074 4115 3239 4152 neca·

683 4175 876 4238 rento?
911 4173 970 4224 D
1017 4175 1034 4244 11
1089 4191 1224 4242 agro
1263 4173 1362 4226 sed
1401 4173 1458 4226 F
1501 4173 1518 4242 11
1571 4177 1606 4224 4
1645 4171 2027 4248 cooeperircnt
2062 4173 2125 4224 F
2162 4173 2179 4242 11
2228 4171 2357 4224 inde
2394 4215 2405 4226 .
2438 4213 2451 4224 .
2486 4215 2497 4224 .
2534 4167 2707 4240 tegis]
2764 4167 2893 4224 inde
2948 4171 3019 4224 ab
3076 4173 3241 4238 augia

683 4245 976 4298 eliensium
1015 4263 1146 4314 rege
1183 4245 1414 4314 rogatus
1453 4243 1628 4298 ouilia
1655 4245 1712 4296 D
1741 4245 1758 4314 11
1783 4245 1928 4296 unde
1970 4243 2029 4294 F
2050 4245 2069 4312 11
2098 4243 2307 4296 bovilia
2350 4243 2657 4296 Masvicius
2684 4243 2701 4312 11
2732 4245 2761 4294 5
2800 4259 2969 4308 quam
3006 4243 3067 4294 et
3102 4241 3239 4296 uici-

683 4317 772 4368 nis
811 4317 870 4368 F
893 4317 912 4386 11
937 4317 1236 4368 creuerant
1271 4315 1330 4368 F
1353 4317 1374 4386 11
1409 4321 1440 4368 6
1481 4315 1808 4382 repurgauit
1845 4313 1904 4366 F
1925 4314 1944 4383 11
1992 4321 2017 4368 7
2056 4315 2199 4368 ande
2240 4313 2299 4366 F
2320 4317 2341 4382 11
2368 4313 2651 4366 diomedes
2692 4311 2755 4364 F
2774 4314 2791 4382 11
2824 4311 3079 4382 Thracis]
3120 4317 3235 4366 tra—

683 4387 902 4440 011is·F
915 4387 976 4452 T,
1015 4403 1122 4454 om.⁴
1153 4387 1212 4438 D
1247 4389 1268 4456 11
1311 4393 1342 4440 8
1383 4387 1528 4438 unde
1565 4385 1628 4436 F
1657 4387 1676 4454 11
1719 4385 1790 4438 ad
1825 4383 1908 4438 D:
1947 4385 2021 4438 ab
2060 4385 2179 4438 FT
2216 4387 2235 4454 11
2266 4381 2523 4452 yppolite
2562 4383 2683 4438 FT
2722 4385 2739 4454 11
2784 4389 2815 4434 9
2858 4401 3095 4450 cumque
3136 4383 3189 4436 T
3220 4383 3239 4453 ΙΙ

683 4475 978 4526 gersonem
1017 4459 1138 4512 FT
1159 4459 1178 4530 11
1217 4465 1284 4510 10
1319 4473 1524 4510 aeneas
1565 4455 1614 4506 T
1637 4459 1656 4524 11
1695 4461 1762 4508 11
1797 4473 1932 4524 ergo
1976 4455 2033 4508 F
2044 4457 2097 4510 T
2116 4459 2137 4524 11
2162 4459 2383 4510 cantem
2418 4455 2513 4506 edi
2546 4455 2609 4506 id
2644 4473 2713 4508 ne
2750 4455 2925 4508 filium
2968 4455 3025 4506 F
3076 4459 3237 4508 cante

683 4531 978 4584 mechidne
1015 4527 1192 4584 filium
1237 4527 1286 4580 T
1345 4529 1506 4580 caute
1551 4527 1852 4578 mathonac
1897 4527 2073 4582 filium
2116 4527 2197 4590 D,
2252 4541 2385 4580 corr.
2426 4527 2647 4578 Daniel.
2710 4525 2973 4578 Orthrum
3010 4539 3055 4578 6.
3098 4525 3157 4578 Ε.
3198 4527 3237 4578 f.

619 4657 624 4662 ,
687 4603 1000 4656 Blasvieius
1041 4605 1062 4672 11
1121 4605 1182 4654 12
1233 4597 1518 4670 gerionem
1557 4595 1620 4648 F
1631 4597 1678 4648 T
1721 4599 1740 4666 11
1795 4603 1860 4650 13
1907 4599 1981 4650 ab
2020 4599 2139 4652 FT
2178 4601 2199 4666 11
2244 4593 2539 4662 hesperida
2584 4595 2633 4648 T
2670 4597 2691 4662 11
2738 4593 3079 4650 abantheum
3118 4597 3177 4648 F
3222 4599 3237 4668 1,

687 4679 756 4726 14
789 4675 1016 4728 necavit
1049 4689 1152 4728 om.
1175 4671 1238 4724 D
1263 4673 1280 4742 11
1311 4675 1380 4722 15
1415 4669 1800 4738 prometheum
1833 4667 1894 4720 F
1915 4671 1932 4738 11
1968 4677 2029 4722 16
2068 4671 2253 4726 occiso
2286 4667 2339 4720 T
2358 4671 2377 4736 11
2402 4665 2731 4718 liberaum-it
2758 4663 2809 4716 T
2834 4667 2853 4734 11
2882 4671 2947 4720 17
2978 4665 3233 4740 fluvium]

681 4743 838 4798 fluuii
879 4745 1040 4798 deum
1077 4745 1140 4798 D
1163 4745 1182 4812 11
1221 4741 1588 4800 deseianiram
1625 4737 1748 4792 FT
1777 4743 1794 4808 11
1835 4739 2011 4794 filium
2054 4743 2107 4794 T
2138 4743 2155 4810 11
2202 4747 2269 4794 20
2306 4739 2599 4806 Megaram
2636 4737 2971 4794 Masvicius:
3010 4755 3235 4808 megae-

681 4833 804 4870 ram
843 4817 986 4884 FT,
1023 4833 1124 4870 om.
1161 4815 1222 4868 D
1249 4819 1266 4888 11
1299 4821 1370 4866 21
1409 4813 1498 4882 ut]
1535 4815 1596 4864 et
1633 4809 1754 4864 FT
1775 4815 1794 4880 11
1833 4813 2055 4866 necauib
2100 4815 2147 4866 T
2166 4815 2187 4882 11
2224 4817 2287 4866 22
2330 4809 2629 4862 sanitatem
2666 4807 2731 4858 F
2760 4809 2911 4876 (post
2946 4813 3233 4878 recepssam

681 4887 984 4942 sanitatem
1013 4887 1240 4956 Daniel)
1267 4887 1284 4954 11
1313 4881 1634 4950 expiatione
1659 4881 1722 4934 F
1735 4883 1780 4934 T
1803 4885 1824 4950 11
1851 4883 2077 4950 patricii
2106 4885 2163 4938 F
2186 4886 2207 4952 11
2234 4887 2299 4936 25
2332 4879 2515 4934 onfale
2544 4879 2607 4930 F
2648 4877 2823 4932 onfali
2854 4881 2903 4934 T
2926 4883 2947 4950 11
2976 4887 3041 4934 26
3082 4881 3233 4934 deia-

681 4977 880 5014 noram
917 4959 966 5010 Τ
993 4963 1012 5028 11
1043 4977 1212 5012 nesus
1249 4957 1392 5022 FT,
1427 4957 1510 5008 sic
1543 4959 1596 5006 et
1629 4953 1786 5020 infra
1821 4969 2025 5022 semper
2062 4959 2081 5026 11
2124 4953 2435 5008 centauiros
2476 4949 2533 5004 F
2586 4951 2877 5006 centauros
2922 4953 3055 5016 TD,
3094 4969 3231 5006 corr.

681 5031 982 5086 Fabricius
1025 5031 1044 5098 11
1101 5037 1164 5084 27
1205 5025 1564 5084 transuehere
1605 5025 1686 5076 D:
1737 5025 2041 5080 transsuere
2080 5025 2143 5082 F
2200 5025 2435 5076 transire
2480 5021 2527 5074 Τ
2570 5023 2591 5090 11
2626 5025 2701 5158 128
2740 5023 3059 5076 deianeram
3100 5023 3233 5090 FT,

677 5105 760 5158 sic
795 5109 844 5160 et
879 5103 1036 5172 infra
1061 5104 1080 5172 11
1125 5121 1250 5156 cum
1287 5115 1386 5154 om.
1419 5097 1482 5150 F
1511 5097 1530 5164 11
1577 5097 1930 5166 cognouisset
1970 5097 2027 5150 D
2624 5161 2629 5182 ΙΙ
