3900 5784
715 635 844 700 130
1147 667 1150 670 ·
1867 635 2107 692 SERVH

715 797 930 862 Circes
979 801 1044 860 et
1081 795 1290 868 Vlixis
1339 795 1546 860 filium
1597 797 1780 884 dicit,
1829 797 1997 884 quod
2044 803 2109 862 et
2144 797 2477 884 Vergilius
2522 799 2741 884 tangit
2788 797 3059 860 dicendo
3094 787 3263 872 <XII

715 903 882 986 164>
925 901 1130 968 Solis
1155 901 1304 968 'avi
1351 905 1760 986 specimen.
1839 905 1948 968 sed
1988 905 2135 986 quia
2174 907 2537 990 temporum
2574 905 2743 970 ratio
2784 925 2917 968 non
2952 897 3263 986 procedit,

707 1009 866 1074 illud
905 1011 1348 1096 accipiendum
1383 1015 1486 1076 est
1519 1011 1798 1094 Hygini,
1845 1013 1957 1094 qui
1992 1011 2087 1074 ait
2118 1009 2389 1076 Latinos
2430 1013 2645 1096 plures
2692 1009 2921 1088 fuisse,
2964 1011 3041 1072 ut
3076 1007 3263 1070 intel-

707 1115 998 1200 legamus
1043 1121 1304 1200 poetam
1353 1117 1562 1200 abuti,
1599 1121 1682 1182 ‘ut
1729 1117 1924 1202 solet,
1968 1117 2303 1182 nominum
2348 1103 2785 1182 similitudine.

883 1223 990 1286 48.
1063 1239 1434 1288 ACCIPIMVS
1495 1229 1758 1306 propter
1807 1223 2021 1286 varias
2072 1223 2403 1306 opiniones
2450 1223 2575 1290 hoc
2620 1223 2883 1304 adiecit,
2942 1225 3027 1286 ut·
3062 1217 3263 1284 Sallu-

653 1329 874 1392 ·stius
939 1331 1202 1394 urbem
1261 1331 1606 1412 Roma-m,
1681 1329 1918 1394 sicuti
1982 1351 2117 1414 ego
2186 1331 2471 1414 accepi,
2548 1327 2969 1394 condidere
3038 1329 3261 1408 atque

603 1773 668 1820 10

603 2305 668 2356 15

601 2839 666 2888 20

601 3373 670 3422 25

709 1433 1048 1500 habuere
1095 1435 1330 1502 initio
1377 1427 1738 1502 Troiani.⁸
2528 1515 2531 1518 ⁴

883 1541 990 1606 49.
1051 1559 1354 1608 VLTIMVS
1389 1559 1668 1606 AVCTOR
1707 1543 1973 1626 primu&
2008 1547 2085 1606 ut
2120 1541 2563 1624 ‘supremum'
2600 1563 2925 1606 summum
2964 1539 3263 1604 dicimus:

709 1637 846 1732 pfo
893 1669 1242 1730 supreme
1287 1649 1666 1732 Iuppiter.

883 1755 988 1820 51.
1061 1773 1418 1832 PRIMAQVE
1459 1773 1708 1820 omnus
1743 1775 2023 1820 EREPTA
2064 1775 2373 1820 IVVENTA
2408 1771 2539 1820 EST
2578 1775 2693 1838 per
2726 1755 3081 1818 transitum
3120 1751 3263 1818 tan-

709 1861 810 1946 git
871 1861 1234 1926 historiam.
1317 1861 1558 1928 Amata
1621 1863 1796 1926 enim
1855 1861 2015 1928 dnos
2082 1863 2279 1948 filios,
2344 1863 2681 1940 voluntate
2740 1861 2951 1944 patris
3006 1859 3263 1924 Aeneae

709 1969 1100 2052 spondentes
1133 1959 1486 2032 'Laviniam
1531 1991 1846 2052 sororem,
1899 1969 2183 2032 factione
2238 1969 2597 2034 interemit:
2650 1967 2819 2034 unde
2864 1973 2933 2030 et
2978 1963 3263 2050 ‘erepta'

709 2075 898 2158 dixit,
955 2075 1142 2158 quasi
1197 2081 1312 2158 per
1369 2075 1522 2138 vim.
1611 2075 1722 2140 hos
1773 2075 1890 2138 aziz·
1947 2081 2215 2140 caecatos
2266 2099 2313 2140 a
2354 2081 2557 2140 matre
2606 2075 2885 2152 wadum,
2936 2079 3263 2156 postquam

707 2183 934 2246 amisso
985 2183 1198 2246 Turno
1243 2183 1516 2246 Lavinia
1561 2181 1806 2246 Aeneae
1851 2183 2063 2246 iuncta
2104 2189 2207 2246 est.
2302 2179 2321 2210 ς
2334 2181 2501 2246 fato'
2554 2187 2767 2246 autem
2828 2181 2985 2244 dicit
3044 2179 3263 2244 volun-

707 2291 898 2354 tatet—
925 2309 1080 2352 nam
1125 2289 1218 2352 dii
1261 2289 1330 2350 id
1371 2287 1594 2352 fantur
1639 2289 1812 2372 quod
1859 2287 2175 2372 sentiunt,
2228 2309 2359 2352 non
2408 2291 2479 2350 ut
2524 2289 2845 2366 homines,
2906 2287 2981 2350 de
3030 2285 3263 2372 quibus

707 2395 952 2460 lectum
997 2397 1096 2458 est
1141 2395 1354 2460 aliud
1399 2395 1744 2474 clausum
1789 2393 1868 2458 in
1913 2397 2253 2478 pectore,
2314 2393 2521 2458 aliud
2570 2393 2647 2456 in
2696 2393 2969 2478 lingua
3014 2415 3263 2478 prom-

705 2507 916 2584 ptum
965 2501 1270 2566 habere.

883 2609 988 2672 53.
1063 2625 1192 2672 IAM
1237 2625 1522 2690 MATVRA
1571 2627 1734 2672 VIRO
1781 2627 1906 2672 IAM
1956 2625 2201 2672 PLENIS
2246 2623 2523 2672 NVBILIS
2572 2623 2777 2670 ANNIs
2822 2629 2955 2670 non
3000 2609 3101 2672 est
3146 2607 3263 2672 ite-

705 2719 948 2798 ratum,
995 2717 1108 2780 sed
1153 2717 1498 2780 secundum
1545 2715 1644 2780 ius
1695 2713 1965 2798 dictum,
2006 2715 2077 2778 in
2122 2735 2249 2796 quo
2302 2715 2363 2776 et
2412 2735 2485 2776 ex
2536 2733 2849 2778 annorum
2896 2713 3151 2778 ratione
3198 2715 3263 2776 et

707 2843 782 2886 ex
831 2823 1060 2886 habitu
1107 2821 1392 2906 corporis
1453 2825 1630 2886 aetas
1689 2819 2165 2904 comprobatur.
2252 2821 2535 2906 primum
2594 2841 2749 2906 ergo
2814 2819 2891 2884 ad
2948 2819 3263 2904 habitum,

709 2931 1054 2994 secundum
1103 2927 1182 2992 ad
1229 2951 1434 2994 annos
1483 2929 1780 3012 pertinet.

883 3035 988 3100 54.
1061 3053 1276 3098 LATIO
1327 3035 1588 3100 Latium
1639 3059 1798 3120 pars
1853 3041 1955 3100 est
1998 3035 2353 3102 Ausoniae:
2408 3037 2579 3100 unde
2624 3035 2791 3100 dixit
2830 3037 3045 3122 primo
3090 3035 3263 3120 quod

707 3137 918 3206 minus
969 3145 1092 3218 est,
1139 3143 1232 3206 sic
1275 3143 1500 3208 intulit
1549 3143 1850 3226 ‘totaque
1895 3143 2242 3208 Ausonia'.

875 3247 988 3314 56.
1059 3267 1262 3314 PETIT
1321 3267 1502 3314 ANTE
1563 3265 1762 3314 Amos
1823 3267 2359 3314 PVLOHERRIMVS
2420 3253 2531 3314 aut
2586 3247 2767 3314 ‘ante
2824 3249 2985 3314 alios
3044 3247 3263 3332 petit',

711 3359 824 3420 aut
867 3353 1368 3440 ‘pulcherrimus
1415 3359 1566 3422 ante
1613 3355 1830 3422 alios’.

785 3479 790 3484 ·
883 3463 988 3544 57.
1059 3481 1234 3528 MIRO
1281 3479 1516 3526 AMORE
1567 3485 1736 3528 nova
1779 3465 2303 3546 intemperantia.

883 3569 988 3632 58.
1063 3585 1194 3632 SED
1243 3585 1474 3632 VARIIS
1519 3573 1784 3650 propter
1831 3591 2009 3652 apeS,
2058 3567 2451 3646 incendium,
2494 3569 2829 3632 oraculum
2872 3569 3099 3636 Fauni.

705 3691 1078 3756 PORTENTA
1129 3675 1322 3758 signa
1375 3695 1540 3758 quae
1597 3679 1744 3740 sunt
1801 3677 2041 3762 media,
2094 3697 2135 3740 a
2170 3677 2605 3758 portendendo:
2668 3699 2819 3740 nam
2866 3681 2935 3740 et
2978 3677 3155 3744 bona
3198 3681 3263 3740 et

709 3783 886 3846 mala
931 3785 1084 3848 sunt
1125 3785 1448 3866 portenta.

1051 3909 1130 3916 —.--

853 3981 882 4030 5
923 3973 1246 4046 Sallustius]
1289 3973 1406 4030 Cat.
1453 3983 1498 4044 6,
1531 3983 1562 4032 1
1591 3981 1608 4050 ΙΙ
1645 3985 1678 4034 8
1715 3999 1944 4036 vmmvs
1982 3979 2215 4052 primus]
2258 3979 2327 4034 cf.
2362 3981 2505 4036 Non.
2546 3997 2597 4050 p.
2636 3985 2759 4048 417,
2802 3983 2867 4034 25
2898 3979 2969 4032 M.
2998 3981 3019 4050 11
3064 3985 3093 4034 9
3132 3979 3257 4052 pro]

709 4043 830 4100 Ter.
869 4049 958 4102 ad.
985 4049 1040 4100 11
1073 4055 1120 4116 1,
1147 4053 1234 4102 42.
1289 4049 1356 4112 cf.
1383 4047 1526 4104 Don.
1567 4051 1636 4104 ad
1675 4055 1826 4106 hunc
1861 4069 2001 4106 vers.
2046 4055 2103 4106 et
2138 4053 2297 4106 Luct.
2336 4049 2483 4106 Plac.
2522 4053 2593 4106 ad
2624 4051 2763 4106 Stat.
2798 4049 2969 4106 Theb.
2998 4049 3261 4122 11131011

711 4115 954 4256 &firm-falsa
977 4159 1078 4242 '5³'
1115 4119 1432 4206 voluntate]
1473 4119 1540 4176 cf.
1581 4123 1726 4178 Non.
1761 4141 1820 4192 p.
1857 4131 1979 4190 303,
2018 4129 2087 4176 33
2124 4123 2185 4176 et
2218 4141 2273 4190 p.
2314 4129 2437 4190 455,
2472 4127 2541 4176 29
2578 4121 2651 4176 M.
2702 4126 2717 4196 ΙΙ
2780 4129 2841 4178 16
2894 4121 3075 4192 aliud]
3122 4119 3259 4178 Sall.

853 4373 880 4418 1
923 4367 1102 4422 circae
1137 4367 1256 4418 AL
1313 4367 1456 4422 circe
1489 4367 1534 4422 S
1589 4369 1750 4424 circis
1789 4371 1924 4424 RH
1972 4369 2131 4424 circis
2168 4387 2235 4424 ex
2272 4371 2447 4424 circes
2480 4369 2547 4422 F
2568 4373 2585 4440 ΙΙ
2612 4373 2673 4424 et
2706 4387 2805 4424 om.
2842 4369 2921 4422 M
2942 4369 2961 4438 ΙΙ
2984 4371 3257 4442 uer-gilius

709 4435 860 4518 ,4811
885 4439 1074 4508 tangit
1107 4435 1366 4508 Uirgilius
1395 4439 1474 4490 M
1495 4441 1512 4510 ΙΙ
1551 4447 1582 4494 3
1615 4441 1774 4510 ygini
1813 4443 1946 4496 libri
1970 4445 1989 4516 ΙΙ
2016 4439 2137 4512 qui]
2180 4441 2329 4510 quod
2364 4439 2429 4492 F
2450 4441 2467 4512 ΙΙ
2510 4447 2545 4494 4
2582 4443 2821 4496 nominis
2856 4439 2933 4492 M
2952 4441 2969 4512 ΙΙ
2996 4439 3257 4499 similitu-

709 4507 894 4562 dmem
927 4511 1036 4566 AS
1043 4511 1106 4564 Η
1141 4511 1302 4580 (corr.
1333 4511 1388 4574 a)
1429 4509 1736 4568 similitude
1763 4515 1818 4568 L
1843 4517 1860 4586 Ι]
1889 4521 1922 4568 5
1962 4513 2225 4568 salustius
2252 4511 2449 4566 ALH
2456 4513 2527 4564 M
2534 4529 2567 4566 r
2600 4513 2841 4568 saluster
2866 4511 2925 4566 R
2950 4515 2969 4584 ΙΙ
2996 4519 3029 4566 6
3068 4517 3259 4572 orbem

709 4579 842 4632 ΑΗ
865 4583 1018 4650 (corr.
1051 4583 1108 4652 a)
1135 4583 1156 4652 ΙΙ
1187 4589 1216 4636 7
1253 4581 1312 4634 in
1347 4581 1510 4634 initio
1539 4583 1700 4652 vulyo
1727 4587 1744 4657 11
1771 4591 1806 4640 8
1837 4589 1892 4640 et
1921 4587 2031 4640 AS
2070 4587 2155 4654 (ut
2182 4585 2237 4654 a)
2266 4587 2285 4654 ΙΙ
2316 4589 2345 4638 9
2382 4589 2449 4638 ut
2478 4601 2583 4652 pro
2612 4585 2633 4638 Ζ
2660 4589 2679 4658 ΙΙ
2710 4591 2775 4640 10
2804 4601 2897 4638 nsr
2928 4601 3027 4638 om.
3060 4585 3263 4640 ALM

697 4649 726 4720 Ἠ
763 4655 832 4702 12
869 4655 928 4706 et
963 4669 1064 4706 om.
1093 4655 1182 4718 M,
1219 4669 1368 4718 supr.
1405 4669 1540 4706 vere.
1579 4657 1706 4712 add.
1741 4673 1798 4712 m
1823 4661 1842 4730 ΙΙ
1881 4665 1948 4712 15
1986 4659 2103 4712 ozias
2128 4659 2183 4710 L
2220 4655 2491 4724 (homines
2532 4657 2573 4724 l)
2602 4657 2619 4728 ΙΙ
2650 4663 2717 4712 16
2752 4659 3039 4726 promtum
3074 4655 3209 4712 HF
3242 4653 3257 4724 Η
3290 4729 3293 4732 ἢ

711 4725 774 4772 18
813 4721 1036 4778 iteratio
1071 4725 1142 4778 M
1169 4727 1188 4796 u
1219 4729 1282 4778 19
1323 4723 1562 4796 dictum]
1599 4725 1820 4784 locutus
1855 4733 1942 4784 est
1974 4731 2049 4784 M
2068 4731 2087 4802 ss
2114 4729 2173 4782 et
2208 4733 2333 4782 ante
2368 4743 2437 4780 ex
2472 4745 2741 4782 annorum
2780 4743 2877 4782 om.
2912 4725 3069 4790 ΒΜ,
3102 4743 3257 4796 supr.

705 4809 840 4846 vers,
877 4795 1006 4846 add.
1045 4811 1100 4846 m
1133 4799 1150 4866 ΙΙ
1195 4795 1434 4866 ratione]
1471 4799 1888 4866 comparatione
1927 4803 1981 4856 R
2016 4805 2035 4874 fl
2078 4803 2135 4856 et
2174 4805 2299 4854 ante
2334 4815 2399 4850 ex
2438 4799 2633 4854 habitu
2654 4817 2771 4870 pm.
2812 4797 2893 4858 R,
2930 4811 3081 4862 supr.
3118 4813 3255 4856 vers,

709 4865 836 4916 add.
855 4881 886 4916 ‘r
913 4867 932 4928 ΙΙ
961 4871 1026 4916 20
1059 4867 1446 4922 habitudinem
1473 4867 1534 4920 F
1559 4869 1578 4940 Ι]
1603 4875 1670 4922 22
1701 4893 1732 4924 E
1759 4893 1918 4928 LAero
1947 4875 2019 4928 M
2042 4877 2061 4944 ΙΙ
2088 4871 2311 4926 Latium
2338 4885 2439 4922 om.
2464 4873 2537 4924 M
2562 4873 2579 4940 ss
2606 4865 2911 4936 Ausoniae]
2940 4867 3131 4926 italiae
3156 4867 3215 4926 F
3236 4869 3259 4940 Η

709 4939 776 4988 24
813 4951 1216 4992 PvLcrtsmqus.
1243 4955 1344 4992 om.
1371 4937 1498 4992 LH
1505 4939 1580 4992 M
1601 4943 1620 5012 ΙΙ
1645 4949 1714 4998 25
1749 4945 1870 5014 aut]
1909 4949 2009 5000 aut
2030 4947 2197 4998 ‘certe
2228 4939 2367 4994 MD
2396 4943 2413 5012 ΙΙ
2442 4943 2845 5010 pulcherrimUS
2874 4937 2985 4990 AS
2996 4939 3091 4995 M:
3128 4939 3255 5014 Pul*

709 5005 842 5058 cher
873 5005 1132 5060 RLHF
1153 5009 1174 5078 11
1217 5015 1282 5062 26
1321 5027 1450 5062 ΜιΒο
1483 5033 1530 5066 r.
1569 5031 1746 5068 monn
1787 5019 1858 5070 M
1883 5021 1904 5088 ΙΙ
1939 5015 2107 5086 nova]
2148 5013 2293 5070 mira
2330 5013 2401 5066 M
2426 5015 2443 5084 fl
2482 5017 2551 5066 27
2592 5015 2649 5066 et
2684 5009 3003 5110 incendium
3042 5015 3097 5066 et
3134 5027 3253 5068 ora-

709 5076 890 5132 culum
933 5077 992 5130 D
1031 5079 1050 5148 ΙΙ
1097 5085 1164 5132 28
1205 5097 1238 5132 a
1271 5081 1658 5158 portendendo
1697 5089 1870 5144 edidit
1907 5089 2217 5156 Stephanus
2254 5087 2273 5157 ΙΙ
2322 5089 2387 5138 29
2426 5085 2689 5154 portenta
2710 5099 2823 5150 om.
2854 5081 2933 5132 M

2668 5191 2707 5316 s
