3900 5784
699 647 788 714 90
1651 699 1654 702 .
1853 657 2093 714 sERvu

695 815 982 880 instituit
991 867 1010 900 ,
1061 819 1306 900 primus
1365 819 1576 884 etiam·
1619 819 2037 904 deprehendit
2092 821 2523 904 harmoniam,
2584 823 2649 888 id
2704 831 2803 890 est
2862 827 3245 892 circulorum

697 923 1166 990 mundanorum
1213 947 1470 1010 sonum,
1521 949 1680 1008 quos
1725 949 1957 990 novem
2008 949 2143 990 esse
2188 915 2539 992 iiovimuS.⁴
2588 953 2623 996 e
2668 933 2899 1014 quibus
2938 955 3247 1016 summuS,

695 1053 888 1116 quem
933 1035 1244 1098 anastron
1291 1033 1536 1110 dicunt,
1593 1055 1752 1098 sono
1801 1037 2003 1116 caret,
2060 1035 2219 1098 item
2278 1035 2541 1098 ultimus
2552 1085 2569 1118 ‚
2630 1039 2741 1122 qui
2784 1043 3079 1104 terrenus
3128 1043 3243 1104 est.

581 1225 584 1230 Ι
693 1139 928 1224 reliqui
975 1143 1222 1224 septem
1275 1147 1450 1226 sunt,
1499 1161 1772 1224 quorum
1817 1163 2047 1206 sonum
2092 1141 2515 1224 deprehendit
2558 1143 2881 1230 Orpheus,
2932 1145 3101 1210 unde
3146 1143 3243 1208 uti

621 1257 654 1306 5
693 1251 940 1330 septem
995 1247 1266 1332 fingitur
1317 1247 1592 1314 chordis,
1683 1245 2019 1332 ‘longam’
2074 1253 2289 1314 autem
2348 1247 2655 1314 ‘vestem'
2716 1257 2829 1314 aut
2888 1251 3243 1314 citharoedi

691 1353 984 1418 habitum
1041 1353 1218 1440 dicit,
1275 1359 1388 1422 aut
1431 1355 1696 1438 longam
1759 1353 2053 1420 barbam:
2116 1377 2265 1418 nam
2310 1377 2347 1418 e
2394 1353 2713 1420 contrario
2762 1357 3061 1422 inberbes
3114 1355 3241 1420 ‘in-

691 1461 936 1526 vestes'
981 1485 1304 1528 vocamus,
1393 1461 1738 1526 ‘sacerdos’
1787 1467 2031 1546 autem,
2078 1465 2229 1548 quia
2276 1465 2339 1524 et
2384 1461 2729 1546 theologus
2772 1461 2899 1526 fuit
2944 1467 3011 1526 et
3054 1463 3243 1548 orgia

691 1571 936 1654 primus
997 1569 1302 1634 instituit.
1393 1569 1528 1654 ipse
1587 1569 1786 1632 etiam
1843 1569 2139 1634 homines
2194 1593 2227 1634 e
2282 1569 2433 1632 feris
2494 1571 2557 1632 et
2614 1569 2789 1632 duris
2828 1569 3243 1652 composuit:

691 1677 858 1740 unde
909 1677 1142 1742 dieitur
1187 1677 1450 1740 arbores
1499 1677 1562 1740 et
1611 1697 1768 1740 saxa
1809 1675 2125 1758 movisse,
2170 1681 2245 1740 ut
2290 1675 2567 1740 diximus
2618 1695 2827 1758 supra.

585 1793 654 1842 10
867 1785 1016 1848 646.
1089 1801 1546 1860 OBLOQVITVR
1617 1799 1924 1846 NVMERIS
2002 1783 2263 1848 dicendo
2334 1779 2781 1866 ‘obloquitur'
2856 1781 3241 1848 chordarum

689 1891 1004 1976 expressit
1051 1891 1332 1974 laudem,
1381 1913 1538 1974 quas
1585 1889 1742 1952 dicit
1791 1889 2003 1954 verbis
2048 1891 2323 1962 locutas:
2376 1887 2701 1974 ‘obloqui'
2756 1889 2921 1954 enim
2952 1911 3093 1952 ·non
3142 1893 3241 1954 est

687 1997 812 2064 nisi
859 2001 1080 2064 contra
1129 1999 1500 2080 loquentem
1545 1996 1740 2080 loqui.
1875 2013 2181 2060 NVMERIS
2218 1995 2567 2078 rhythmiS,
2618 1997 2815 2072 sonis„
2864 2001 2935 2058 ut
2984 2017 3237 2058 nume-

687 2127 810 2168 ros
885 2103 1218 2186 memini,
1293 2103 1356 2166 si
1431 2103 1664 2168 verba
1735 2107 2093 2166 tenerem.
2276 2119 2545 2166 SEPTEM
2612 2119 3013 2166 DISORIMINA
3084 2103 3237 2184 quia

687 2233 912 2276 omnes
957 2211 1230 2274 chordae
1281 2209 1680 2274 dissimiliter
1729 2213 1979 2274 sonant.

579 2325 648 2374 15
863 2317 1012 2382 647.
1083 2333 1210 2380 IAM
1255 2319 1474 2380 nunc.'
1523 2315 1672 2378 ‘hic’
1719 2321 1936 2378 autem
1988 2315 2263 2400 ‘pecten'
2308 2317 2691 2396 declinatur,
2740 2319 2811 2378 ut
2860 2313 3053 2376 ‘lien'.

861 2423 1008 2488 648.
1079 2439 1200 2486 HIC
1257 2439 1482 2486 GENVS
1543 2439 1904 2498 ANTIQVVM
1960 2423 2131 2508 quod
2194 2443 2323 2486 non
2386 2443 2605 2486 omnes
2658 2421 2835 2484 viros
2900 2419 3103 2484 fortes
3162 2421 3233 2484 in

681 2529 914 2612 Elysio
967 2529 1144 2594 visos
1199 2551 1338 2592 esse
1403 2533 1892 2610 commemorat,
1952 2529 2113 2594 haec
2176 2529 2347 2592 ratio
2414 2535 2539 2614 est,
2602 2527 2755 2612 quia
2806 2527 2919 2592 isti
2962 2527 3229 2606 §divinos

681 2638 1056 2700 meruerunt
1097 2633 1422 2702 honores}
1459 2637 1630 2722 quod
1677 2637 1896 2720 Tydeo
1939 2635 2043 2700 vel
2086 2635 2218 2719 his,
2274 2657 2431 2718 quos
2480 2657 2673 2718 supra
2720 2633 2935 2724 <479>
2988 2657 3229 2700 memo-

681 2743 878 2826 ravit,
941 2765 1074 2808 non
1139 2743 1430 2828 contigit.
1523 2765 1674 2808 nam
1729 2743 1876 2808 ideo
1935 2739 2335 2826 ‘antiquum'
2398 2741 2671 2826 addidit,
2736 2743 2919 2826 quasi
2976 2745 3041 2806 et
3094 2743 3229 2806 illis

573 2859 642 2906 20
681 2849 890 2932 Elysii
927 2849 1376 2934 contingerent
1405 2849 1634 2932 campi,
1673 2847 1726 2910 si
1759 2847 1848 2910 eis
1881 2835 2191 2912 annorum
2220 2869 2355 2912 non
2386 2847 2695 2932 derogata
2726 2853 2897 2912 esset
2920 2851 3229 2912 vetustas.

789 3043 792 3046 ἦ
855 2955 1004 3020 649.
1077 2973 1250 3020 NATI
1287 2973 1710 3024 MELIORIBVS
1751 2973 1957 3018 ANNIS
2008 2955 2381 3038 plerumque
2428 2955 2599 3018 enim
2646 2955 2983 3018 hominum
3022 2955 3225 3020 virtus

677 3062 1084 3126 decoloratur
1125 3065 1440 3148 temporis
1485 3059 1896 3126 infelicitate:
1952 3057 2173 3126 Cicero
2220 3067 2303 3126 ut
2358 3063 2501 3126 illa
2554 3063 2725 3126 laus
2774 3065 3221 3146 temporum,

677 3193 828 3234 non
875 3171 1266 3234 hominum
1311 3169 1556 3234 fuisse
1601 3167 1973 3234 videatur.

681 3279 860 3286 ——...—-—
873 3279 1022 3286 ...ξ-ἡ
1029 3281 1096 3286 —-.

821 3315 848 3362 ‘7
889 3309 1020 3378 quia
1059 3311 1114 3364 et
1155 3353 1164 3366 .
1197 3353 1206 3362 .
1239 3349 1254 3360 .
1293 3309 1554 3378 movisse]
1601 3325 1774 3360 exser.
1809 3309 2089 3378 mythogr.
2130 3309 2179 3360 Π
2214 3315 2285 3362 44
2318 3311 2337 3378 ΙΙ
2390 3315 2449 3362 12
2490 3309 2773 3380 numeros]
2818 3309 2941 3364 bue.
2984 3309 3061 3360 IX
3100 3315 3167 3364 45
3202 3311 3223 3380 ΙΙ

675 3381 874 3506 ὲέὴὴίῗ
909 3381 1394 3520 ίὶὶ).11102011111ἑ1ἕ,111*]
1443 3381 1512 3434 ef.
1551 3379 1712 3434 Prob.
1755 3379 1882 3432 inst.
1921 3385 2025 3434 art.
2062 3399 2117 3448 p.
2162 3387 2281 3450 125,
2318 3387 2385 3436 17
2424 3381 2489 3434 Κ.
2534 3383 2551 3450 ΙΙ
2604 3387 2671 3434 22
2710 3381 2929 3450 Cicero]
2968 3381 3029 3434 in
3064 3381 3221 3436 Verr.

767 3617 774 3622 .
823 3583 848 3628 1
889 3575 1128 3644 primum
1169 3575 1336 3630 etiam
1377 3577 1452 3630 M
1473 3579 1494 3646 ΙΙ
1523 3575 1810 3630 armonian
1837 3577 1894 3628 A
1947 3577 2257 3630 armoniam
2294 3577 2491 3646 reliqui
2518 3579 2535 3648 ΙΙ
2572 3581 2605 3628 2
2644 3577 2923 3646 novimus]
2962 3579 3217 3632 nomimis

675 3647 734 3702 F
757 3651 780 3716 ΙΙ
815 3663 844 3700 e
883 3663 980 3702 om.
1029 3645 1114 3714 011
1163 3655 1192 3702 3
1231 3651 1492 3702 anostran
1531 3645 1590 3700 F
1611 3649 1632 3716 ΙΙ
1671 3645 1884 3716 dicunt]
1923 3645 1981 3700 id
2020 3649 2105 3702 est
2142 3647 2257 3702 sine
2296 3647 2457 3702 astris
2498 3649 2623 3702 add.
2662 3647 2719 3700 D
2748 3651 2767 3716 11
2812 3655 2845 3702 4
2884 3647 2969 3702 uti
3010 3653 3219 3716 septem
3288 3689 3297 3696 .

677 3719 750 3772 M
759 3741 774 3772 z
821 3719 886 3772 nt
921 3717 976 3772 in
1013 3717 1118 3772 VII
1175 3719 1358 3772 ASH
1417 3719 1472 3772 in
1513 3717 1748 3786 septimo
1791 3717 1842 3772 R
1911 3717 1993 3772 ait
2028 3721 2239 3786 septem
2280 3719 2339 3770 F
2404 3721 2617 3786 septem
2656 3717 2701 3774 Ο
2738 3721 2759 3786 ΙΙ
2808 3723 2841 3772 5
2884 3719 3221 3774 citharoedis

673 3789 786 3844 AS
821 3789 978 3858 (corr.
1019 3791 1074 3858 a)
1133 3787 1466 3844 citharaedis
1509 3789 1574 3842 Η
1601 3791 1620 3856 ss
1669 3795 1698 3842 6
1737 3793 1798 3844 et
1833 3789 2111 3844 contrario
2150 3789 2209 3842 F
2246 3793 2265 3862 fl
2308 3795 2341 3842 8
2380 3789 2487 3858 ipsi
2524 3789 2577 3844 R
2616 3793 2637 3860 ss
2680 3791 2875 3860 etiam]
2916 3789 3065 3844 enim
3106 3791 3171 3846 H
3202 3791 3217 3862 Η

675 3879 726 3948 e]
769 3879 836 3934 de
875 3879 946 3932 H
989 3895 1060 3932 ex
1095 3897 1132 3932 a
1161 3879 1180 3949 ΙΙ
1215 3877 1394 3950 duris]
1437 3877 1600 3932 mites
1641 3879 1764 3932 add.
1805 3879 2107 3934 Fabricius
2136 3881 2155 3948 ΙΙ
2198 3885 2229 3932 9
2270 3879 2333 3934 ut
2370 3879 2503 3934 deus
2542 3883 2671 3932 sunt-
2706 3879 2779 3932 H
2806 3881 2893 3944 (ut
2926 3867 2981 3936 d.
3020 3867 3061 3934 s:
3096 3881 3137 3936 i.
3172 3897 3215 3936 e.

675 3951 762 4004 ‘ut
789 3951 1032 4006 diaeivnus
1057 3951 1252 4020 supra’
1295 3967 1408 4004 ‘non
1441 3955 1578 4004 ‘recte
1613 3951 2005 4020 interp-retatus
2042 3957 2119 4004 est
2156 3951 2455 4020 librarius).
2486 3953 2505 4020 ΙΙ
2534 3951 2719 4020 supra]
2760 3949 3025 4006 Horatius
3060 3951 3135 4020 (a.
3156 3969 3213 4020 p.

673 4023 798 4088 391)
845 4021 1166 4076 ‘siluestres
1209 4021 1464 4076 homines
1515 4037 1668 4076 sacer
1719 4021 2105 4092 interpresque
2158 4023 2389 4076 deorum
2442 4023 2701 4076 caedibus
2752 4025 2809 4076 et
2850 4023 3011 4074 uictu
3050 4023 3217 4078 foedo

675 4093 944 4146 deterruit
977 4095 1244 4164 orpheuS,
1287 4093 1464 4146 dictus
1505 4093 1576 4146 ob
1613 4093 1720 4146 hoc
1759 4093 1932 4148 lenire
1968 4095 2145 4162 tigres
2182 4093 2519 4162 rapidosque
2556 4095 2671 4162 (sic)
2708 4095 2899 4146 leones
2938 4095 3063 4148 add.
3104 4087 3163 4146 D
3196 4093 3215 4164 ΙΙ

2402 4177 2425 4206 θ

673 4221 734 4268 11
777 4215 1038 4284 exprimit
1073 4217 1128 4268 R
1157 4219 1176 4284 ΙΙ
1211 4217 1374 4288 quas]
1415 4217 1576 4284 quasi
1611 4217 1674 4268 F
1705 4217 1724 4284 ΙΙ
1759 4215 1932 4270 uerba
1970 4215 2025 4270 R
2076 4215 2231 4268 urbis
2272 4215 2329 4268 F
2380 4217 2533 4272 urbis
2568 4217 2617 4270 C'
2648 4218 2667 4284 ΙΙ
2710 4217 2927 4270 locutus
2968 4217 3013 4270 S
3060 4217 3213 4270 locu‘-

669 4289 828 4356 turus
859 4285 1084 4356 01111011
1119 4293 1172 4342 et
1205 4285 1314 4342 nisi
1349 4305 1446 4342 om.
1473 4285 1522 4342 O
1543 4289 1560 4356 ΙΙ
1589 4293 1656 4338 12
1693 4287 1872 4356 loqui]
1913 4301 2025 4338 non
2062 4291 2251 4338 autem
2290 4287 2459 4340 ‘male
2490 4287 2695 4340 dicere’
2738 4290 2803 4341 ut
2828 4287 2969 4341 alias
3010 4287 3135 4342 add.
3158 4287 3213 4338 D

669 4355 684 4426 Η
719 4359 960 4428 rythmis
999 4359 1076 4410 M
1079 4373 1132 4410 8:
1171 4359 1380 4424 rythmi
1411 4357 1520 4412 AS
1569 4357 1830 4410 rhithmis
1869 4357 1926 4410 R
1978 4355 2217 4410 rithimis
2248 4357 2315 4410 H
2360 4359 2653 4426 ‘rhythmus
2680 4355 2743 4410 F
2790 4359 3085 4428 rhythinus
3130 4357 3175 4410 G
3196 4357 3213 4428 Η

669 4445 796 4482 sons
829 4429 898 4482 H
937 4431 954 4498 ΙΙ
999 4435 1068 4482 13
1107 4427 1266 4498 quia]
1309 4445 1374 4482 ex
1413 4429 1478 4482 H
1509 4431 1528 4496 ΙΙ
1575 4435 1642 4482 14
1679 4429 1854 4482 omnis
1895 4427 2011 4480 FO
2042 4431 2059 4500 ΙΙ
2106 4433 2173 4482 15
2208 4447 2305 4482 mn
2348 4445 2563 4496 recum
2600 4429 2657 4482 R
2722 4447 2871 4482 nune
2914 4431 3163 4482 omittens

669 4499 758 4554 hic
799 4501 1062 4554 ASRF:
1099 4499 1206 4554 hoc
1243 4499 1490 4554 HMoa
1537 4501 1556 4568 ΙΙ
1607 4501 1810 4568 pecten
1847 4515 1944 4554 om.
1990 4501 2045 4554 R
2086 4503 2107 4570 ΙΙ
2160 4503 2223 4554 ut
2260 4499 2373 4552 lien
2410 4497 2677 4554 ASRH:
2726 4501 2791 4554 ut
2824 4517 3049 4556 carmen
3088 4503 3217 4554 GM

669 4589 892 4626 carmen
931 4573 1000 4628 F.
1059 4575 1166 4626 hoe
1203 4575 1392 4626 autem
1431 4575 1630 4640 pecten
1671 4571 1981 4626 declinatur
2020 4575 2081 4626 ut
2116 4569 2231 4626 lien
2272 4587 2491 4624 carmen
2530 4573 2687 4640 vulyo
2712 4573 2733 4639 ΙΙ
2782 4577 2845 4626 16
2888 4571 3063 4626 omnis
3102 4569 3219 4624 FO

655 4643 688 4714 ll
727 4649 792 4698 17
831 4647 918 4698 est
951 4661 1056 4702 om.
1077 4643 1122 4698 Ο
1147 4647 1166 4714 ΙΙ
1197 4649 1260 4698 18
1299 4645 1614 4698 meruerant
1651 4643 1722 4694 M
1745 4645 1768 4712 ΙΙ
1795 4643 2029 4698 honores
2066 4643 2389 4696 meruerunt
2416 4641 2531 4696 FO
2552 4643 2569 4712 ΙΙ
2596 4659 2705 4710 quo
2734 4641 2797 4696 F
2818 4643 2837 4710 ΙΙ
2864 4639 2977 4710 vel]
3022 4647 3077 4696 et
3114 4641 3169 4694 R
3194 4641 3211 4712 {l

669 4751 1130 4806 commemorauit
1167 4751 1284 4806 FC
1305 4733 1322 4820 ss
1351 4757 1438 4804 19‘
1459 4749 1688 4818 antiqno
1715 4749 1774 4804 R
1799 4751 1818 4818 H
1853 4755 1922 4804 20
1960 4749 2131 4804 elisus
2170 4749 2231 4802 F
2254 4751 2275 4816 ΙΙ
2302 4717 2677 4818 contingerent
2704 4749 2761 4800 A
2812 4749 2899 4816 (nt
2932 4749 3059 4800 add.
3094 4749 3209 4802 ead.

665 4825 834 4888 vitan.)
891 4821 1240 4892 configerent
1283 4823 1328 4878 Ο
1377 4839 1486 4876 non
1527 4821 1910 4888 contingerent
1945 4823 2103 4890 vulyo
2152 4823 2169 4888 fl
2212 4821 2423 4886 campis
2458 4821 2521 4872 F
2554 4823 2573 4890 ΙΙ
2620 4821 2667 4872 si
2704 4821 2785 4872 eis
2818 4817 3113 4886 annorum]
3164 4819 3211 4872 si

667 4893 738 4950 ab
775 4909 840 4948 eo
879 4911 1180 4946 sannorum
1207 4895 1276 4948 H
1295 4897 1316 4964 ss
1341 4911 1452 4948 non
1479 4911 1578 4948 om.
1605 4891 1652 4946 S
1675 4893 1692 4962 ss
1719 4893 1991 4960 derogata
2030 4893 2177 4946 esset
2200 4893 2423 4958 scripsi:
2460 4891 2787 4970 derogasset
2812 4887 2987 4942 ASR
3000 4887 3063 4940 H
3070 4889 3147 4940 M
3154 4887 3215 4942 F

667 4967 958 5034 derogaret
995 4965 1044 5018 G
1083 4967 1100 5034 {l
1157 4967 1406 5020 uetestas
1443 4965 1504 5018 F
1545 4967 1564 5036 ΙΙ
1615 4963 1682 5016 21
1719 4963 2011 5018 hominum
2048 4963 2221 5018 uirtus
2262 4963 2343 5016 H:
2384 4979 2497 5016 non
2532 4961 2661 5012 hom
2688 4977 2819 5012 num
2860 4959 3039 5012 uirtus
3074 4959 3217 5012 AM

667 5043 798 5104 (non
835 5037 936 5090 del.
975 5039 1032 5106 a)
1083 5055 1196 5090 non
1237 5037 1530 5092 hominum
1567 5035 1734 5088 fuisse
1775 5033 2035 5090 uideatur
2068 5035 2245 5088 uirtus
2284 5035 2325 5088 S
2380 4979 2803 5096 hominumiom.
2842 5031 3031 5084 RFO
3064 5032 3085 5099 ΙΙ
3142 5037 3205 5082 23

663 5109 910 5164 omnium
947 5109 1014 5162 H
2004 5183 2009 5186 Ι
2648 5105 2685 5282 j
