3900 5784
737 635 864 700 156
1409 637 1414 642 ’
1889 635 2131 694 SERVH

907 801 1050 864 396.
1129 815 1522 864 PAMPINEAS
1549 817 1836 870 ,HAsrAs
1881 801 2207 884 pampinis
2252 803 2477 866 tectas.
2620 815 2999 864 mcchAE
3050 797 3285 860 PELLIJ

727 923 856 972 BVS
903 905 1244 970 nebridum
1289 905 1552 970 scilicet.
1885 889 1898 902 i

901 1015 1048 1076 397.
1117 1031 1338 1078 PINVM
1375 1031 1718 1078 SVSTINET
1755 1013 1965 1076 facem
1998 1013 2279 1096 pineam,
2318 1013 2485 1078 sicut
2516 1013 2591 1076 in
2618 1013 3023 1076 Liberalibus
3064 1011 3277 1076 fiebat.

901 1121 1046 1184 398.
1125 1139 1356 1184 NATAE
1401 1139 1756 1198 TVRNIQVE
1805 1135 2015 1184 CANIT
2068 1137 2495 1184 HYMENAEOS
2540 1119 2645 1184 hic
2696 1121 2913 1202 aperte
2964 1119 3279 1202 expressit

651 1237 682 1286 5
725 1227 1142 1292 dementiam:
1187 1249 1342 1292 nam
1387 1249 1532 1292 cum
1569 1229 2039 1292 consecraveris,
2078 1227 2275 1292 filiam
2318 1225 2579 1304 Liber0,
2622 1227 3051 1310 hymenaeum
3098 1217 3295 1290 canit

721 1333 860 1398 eius
907 1355 982 1396 ac
1027 1333 1248 1400 Turni.
1321 1333 1750 1418 hymenaeum
1797 1337 2015 1398 autem
2062 1355 2233 1398 nunc
2276 1355 2531 1398 carmen
2578 1335 2865 1418 nuptiale
2912 1333 3095 1398 dixit.

897 1441 1042 1506 399.
1121 1459 1408 1506 TORVVM
1455 1463 1570 1524 pro
1621 1439 1884 1508 ‘torve'.
2068 1459 2137 1506 10
2198 1463 2319 1504 vox
2366 1439 2723 1504 clamantis
2808 1445 2871 1502 et
2928 1445 3025 1506 est
3074 1441 3271 1526 tragi-

721 1571 832 1614 cus
881 1529 1108 1614 sermo,

895 1657 1042 1720 401.
1121 1677 1252 1724 Pns
1297 1673 1540 1722 ANIMIS
1591 1657 1654 1720 id
1705 1661 1804 1722 est
1851 1657 2177 1736 maternis,

613 1775 674 1822 10
895 1765 1040 1828 403.
1121 1781 1464 1832 CRINALES
1509 1785 1760 1832 VITTAS
1807 1787 1973 1850 quae
2018 1765 2303 1830 solarum
2354 1767 2797 1828 matronarum
2846 1767 3059 1828 erant:
3116 1787 3267 1828 nam

713 1871 1160 1936 meretricibus
1211 1893 1340 1938 non
1387 1873 1728 1938 dabantur.

891 1979 1052 2042 40&
1117 1991 1398 2042 ACVISSE
1439 1997 1754 2046 FVRORES
1799 1983 1876 2044 ut
1911 2001 2109 2062 supra
2144 1979 2365 2062 <330>
2412 2001 2627 2062 quam
2668 1977 2857 2042 Iuno
2894 1977 3017 2042 his
3060 1979 3265 2042 acuit

713 2085 970 2148 dictis.

889 2191 1034 2256 407.
1115 2209 1630 2270 CONSILIVMQVE
1681 2211 2065 2270 OMNEMQVE
2114 2209 2367 2258 DOMVM
2412 2211 2747 2258 VERTISSE
2800 2211 3045 2258 LATJM
3092 2193 3261 2276 quod

609 2309 668 2356 15
709 2299 1040 2382 habuerat,
1081 2303 1152 2362 ut
1189 2299 1388 2362 filiam
1429 2299 1638 2364 dando
1667 2299 1924 2372 Aeneae
1972 2299 2133 2364 bella
2172 2303 2549 2384 removeret,
2588 2323 2747 2384 quae
2784 2301 3263 2384 significaverat

709 2405 920 2468 fumus
973 2405 1242 2490 augurii.

883 2513 1032 2576 410.
1109 2531 1540 2582 AORISIONEIS
1603 2531 1840 2578 DANAE
1905 2513 2395 2598 patronymicon
2458 2517 2585 2600 est,
2644 2537 2775 2580 non
2836 2513 3257 2578 ‘Acrisioneis

707 2619 1018 2686 colonis':
1063 2621 1210 2684 sola
1255 2621 1424 2684 enim
1475 2625 1764 2708 venerat,
1811 2645 1944 2686 non
1992 2645 2131 2686 cum
2186 2621 2447 2688 colonis.
2630 2709 2633 2712 ἦ

881 2729 1028 2792 411.
1103 2745 1500 2796 ΡΒΑΕΟΙΡΙΤΙ
1535 2747 1822 2794 DELATA
1867 2747 2059 2796 ΝΟΤΟ
2106 2731 2275 2794 intra
2328 2725 2569 2814 arcam,
2614 2733 2689 2794 ut
2732 2729 3009 2794 diximus
3062 2753 3255 2814 supra

597 2843 662 2890 20
709 2837 946 2920 <372>.
2018 2853 2021 2856 ’
2138 2853 2141 2856 ’

879 2943 1024 3006 412.
1101 2961 1394 3008 MAGNVM
1441 2963 1660 3008 TENET
1711 2963 1948 3008 ARDEA
1994 2963 2243 3012 NOMEN
2296 2947 2459 3010 bene
2512 2943 2783 3008 adlusit:
2840 2965 2991 3008 nam
3038 2943 3251 3008 Ardea

699 3051 886 3134 quasi
943 3049 1144 3114 ardua
1199 3053 1372 3116 dicta
1427 3055 1550 3134 est,
1613 3053 1678 3116 id
1735 3055 1834 3116 est
1889 3073 2125 3136 magna
2184 3057 2249 3116 et
2300 3051 2571 3134 nobilis,
2628 3051 2783 3114 licet
2828 3049 3127 3136 Hyginus
3188 3053 3249 3116 in

843 3197 906 3246 21
947 3209 1078 3270 nam
1117 3191 1286 3248 ardea
1323 3237 1336 3248 .
1367 3235 1378 3248 .
1411 3237 1424 3248 .
1469 3189 1622 3248 dicta
1657 3191 1764 3262 est]
1813 3191 1880 3246 cf.
1919 3191 2049 3246 Isid.
2090 3209 2165 3248 or.
2210 3191 2313 3246 XII
2350 3197 2395 3260 7,
2438 3197 2499 3246 21

697 3323 818 3386 (om.
851 3317 1010 3386 LM)
1045 3335 1228 3390 genus
1263 3321 1350 3372 est
1385 3319 1498 3384 (est
1531 3333 1630 3370 om.
1659 3317 1820 3386 LM)
1859 3317 2101 3386 cymbali
2134 3313 2387 3384 (cimbali
2414 3317 2581 3386 LM)
2614 3317 2675 3368 in
2714 3317 2941 3370 modum
2976 3315 3249 3370 fenestrae

695 3389 1002 3458 quadratae
1047 3389 1264 3444 factum
1301 3389 1454 3458 quod
1491 3389 1560 3442 ab
1597 3389 1834 3456 utraque
1869 3407 2039 3444 manu
2078 3389 2297 3442 tenetur
2336 3389 2513 3458 (tenet
2556 3389 2647 3456 M)
2690 3389 2745 3442 et
2780 3389 2897 3442 tam
2944 3387 3133 3456 (etiam
3172 3387 3249 3456 R)

697 3461 1000 3530 aperiendo
1037 3479 1208 3528 quarn
1247 3461 1416 3514 etiam
1459 3457 1652 3530 (etiam
1691 3477 1786 3512 om.
1833 3461 1904 3512 M
1907 3463 1926 3528 )
1968 3461 2273 3514 claudendo
2318 3461 2489 3514 sonat.
2566 3477 2761 3528 graece
2812 3457 2961 3512 enim
3008 3459 3251 3512 fenestra

697 3535 1072 3602 (syenestraec
1101 3533 1174 3600 R)
1215 3533 1438 3600 thyrsos
1479 3531 1660 3600 (tirsus
1691 3531 1744 3584 R
1777 3533 1971 3598 tyrsus
1996 3531 2069 3600 L)
2116 3529 2327 3584 dicitur
2360 3533 2485 3584 add.
2504 3531 2725 3584 RLM.
2784 3529 2933 3584 Tirsi
2966 3527 3251 3598 uirginum

697 3603 982 3656 uelamina,
1015 3621 1156 3670 quos
1195 3601 1384 3672 sponsi
1419 3601 1784 3656 deuotacibus
1825 3601 2031 3656 iuuonfi
2068 3601 2299 3656 traendo
2338 3603 2565 3656 sumunt
2596 3605 2661 3656 in
2688 3619 2857 3670 marg.
2886 3601 3017 3656 add.
3046 3603 3087 3668 Γ.
3142 3601 3251 3656 hoc

693 3677 820 3728 Ioco
863 3677 1042 3744 tyrsos
1083 3675 1336 3744 appellat
1369 3675 1654 3728 uelamina
1693 3689 1834 3740 quae
1871 3673 2167 3728 sumebant
2208 3671 2393 3740 sponsi
2432 3673 2497 3726 de
2528 3671 2741 3728 uertice
2768 3689 3113 3742 sponsarum.
3174 3673 3251 3728 cli-

697 3747 850 3800 citur
885 3747 1052 3800 etiam
1095 3751 1276 3814 tyrsus
1313 3745 1564 3800 fenestra
1605 3743 1652 3796 T
1677 3747 1698 3814 11
1727 3743 2041 3814 sumebant]
2084 3745 2339 3798 sumebat
2366 3743 2557 3812 ASR,
2588 3761 2687 3800 om.
2710 3743 2781 3806 F,
2818 3761 2921 3812 pro
2960 3743 3255 3798 sumebant

693 3819 858 3886 vulyo
883 3819 904 3886 ΙΙ
929 3817 992 3870 et
1021 3835 1124 3872 om.
1145 3817 1390 3872 ASRF
1411 3818 1432 3887 ΙΙ
1461 3815 1664 3872 infiniti
1693 3817 1828 3870 sunt
1855 3815 1965 3870 AS
2004 3815 2273 3868 infinitiui
2302 3815 2429 3870 sunt
2456 3815 2515 3870 F
2556 3815 2849 3870 infinitiuis
2878 3815 2939 3870 R
2966 3817 2983 3886 ΙΙ
3028 3821 3057 3870 1
3086 3815 3251 3870 tectis

695 3889 806 3944 AS
847 3891 1002 3956 (corr.
1041 3891 1102 3960 a)
1145 3891 1162 3960 ΙΙ
1211 3907 1492 3944 ΙΝνῙΝῡΤΑΕ
1525 3889 1600 3942 Η
1633 3891 1652 3958 ΙΙ
1699 3893 1732 3942 2
1765 3887 2063 3942 nebridum
2100 3887 2297 3942 RLH
2304 3887 2375 3940 M
2380 3909 2393 3940 :
2434 3887 2697 3944 nebridas
2730 3887 2843 3944 AS
2888 3887 3159 3956 (nebridis
3196 3889 3251 3956 a)

691 3961 1050 4014 nebridarum
1093 3961 1160 4014 F.
1231 3965 1544 4028 eapectatur
1581 3959 1924 4014 nebridibus.
1994 3965 2221 4014 ceterum
2256 3959 2335 4012 ad
2366 3975 2543 4028 yeom.
2584 3959 2659 4012 IV
2700 3965 2801 4014 342
2844 3959 3037 4028 ‘pictis
3074 3959 3247 4012 incin-

693 4037 810 4086 ctae
837 4031 1078 4100 pellibus
1117 4033 1326 4086 ambae’
1367 4031 1594 4086 Servius
1627 4031 1922 4100 adscripsit
1966 4031 2243 4084 ‘nebridas
2278 4031 2571 4086 habentes’.
2600 4031 2617 4100 ss
2646 4035 2681 4082 3
2712 4049 2873 4084 1²1an
2914 4071 2927 4082 .
2960 4073 2973 4086 .
3002 4071 3015 4082 .
3056 4033 3247 4098 aperte

693 4121 792 4156 om.
837 4103 922 4166 M,
961 4103 1024 4156 in
1059 4121 1234 4172 mary.
1269 4119 1390 4172 sup.
1429 4103 1554 4158 add.
1597 4119 1646 4156 m
1673 4105 1694 4172 ΙΙ
1719 4119 1892 4172 supra
1929 4101 2109 4156 facem
2142 4103 2373 4170 pineam
2408 4103 2475 4156 in
2510 4099 2921 4158 Oarolae’ruhensi
2956 4101 3179 4156 facedla
3216 4119 3251 4154 a

691 4191 866 4226 ‘titana
889 4175 1026 4226 sat-is
1057 4175 1288 4244 antiqua
1319 4175 1658 4244 adscm‘ptum
1687 4177 1762 4228 est
1789 4175 1808 4244 {l
1837 4171 2005 4244 sicut]
2044 4175 2111 4226 ut
2128 4173 2261 4226 ΕΗ
2268 4173 2345 4226 Μ
2366 4175 2383 4244 ΙΙ
2412 4173 2589 4228 fiebat
2616 4173 2675 4226 in
2704 4171 3025 4228 liberalibus
3044 4173 3181 4226 LH
3184 4173 3255 4228 M

689 4245 752 4298 in
793 4245 1124 4298 liberalibus
1169 4247 1276 4298 fuit
1315 4247 1378 4298 F
1423 4247 1444 4314 ΙΙ
1507 4251 1540 4298 4
1579 4245 1914 4314 musulanos]
1958 4265 1993 4296 Η
2036 4245 2275 4298 litteram
2324 4253 2369 4298 et
2414 4245 2513 4298 hoc
2552 4247 2663 4300 loco
2708 4249 2753 4298 et
2790 4245 2951 4310 infra
2984 4259 3087 4298 om.
3124 4245 3257 4300 libri

679 4315 930 4382 plerique
967 4315 986 4382 ΙΙ
1021 4315 1330 4382 expraemit
1369 4315 1428 4370 F
1461 4318 1480 4385 ΙΙ
1521 4321 1554 4370 5
1595 4315 1953 4370 clementiam
1988 4313 2033 4370 S
2064 4317 2085 4382 ΙΙ
2128 4321 2159 4368 6
2202 4315 2289 4382 ac]
2332 4317 2387 4370 et
2426 4315 2489 4370 F
2518 4319 2539 4384 ΙΙ
2586 4317 2927 4382 hymenaeus
2966 4315 3029 4370 F
3052 4318 3073 4386 ΙΙ
3104 4331 3253 4370 nunc

691 4401 790 4440 om.
815 4385 872 4438 R
895 4385 914 4452 ΙΙ
943 4383 1088 4438 dicit
1121 4385 1174 4438 R
1235 4385 1436 4440 dicitur
1475 4387 1532 4440 F
1555 4389 1576 4456 ΙΙ
1603 4391 1630 4442 7
1667 4385 1858 4456 torve]
1893 4385 2037 4440 dixit
2076 4387 2203 4440 add.
2226 4385 2423 4450 ΑΒΕ,
2460 4389 2655 4442 toruae
2696 4389 2827 4442 sunt
2862 4385 3123 4440 turbatae
3162 4387 3255 4440 uel

689 4457 874 4512 iratae
909 4457 1012 4508 aut
1045 4455 1354 4524 asperrime
1389 4459 1516 4512 add.
1549 4457 1620 4510 H
1663 4459 1826 4512 torue
1863 4457 1924 4508 id
1964 4457 2051 4510 est
2082 4457 2305 4512 turbate
2336 4457 2429 4510 uel
2464 4457 2607 4514 irate
2644 4461 2747 4512 aut
2780 4457 3089 4526 asperrime
3124 4459 3255 4512 add.

695 4529 770 4580 M
793 4529 814 4598 ΙΙ
843 4527 1096 4598 tragicus
1129 4527 1184 4580 R
1213 4528 1232 4598 ΙΙ
1273 4531 1340 4580 12
1377 4527 1492 4610 his]
1531 4529 1618 4580 bis
1653 4527 1700 4580 S
1725 4529 1744 4598 ΙΙ
1785 4533 1854 4580 13
1891 4529 2087 4600 dictis]
2122 4529 2313 4582 uerbis
2352 4527 2411 4582 F
2432 4529 2453 4596 ΙΙ
2494 4533 2563 4580 15
2600 4529 2813 4598 dando]
2850 4529 3107 4584 donando
3144 4529 3203 4584 R
3236 4529 3253 4598 [Ι

695 4605 762 4654 16
797 4599 986 4654 fumus
1021 4615 1124 4654 om.
1145 4599 1216 4652 H
1237 4601 1252 4670 ΙΙ
1279 4615 1518 4670 augunn
1555 4599 1626 4652 H
1643 4601 1662 4670 ΙΙ
1695 4607 1758 4652 17
1797 4601 2229 4668 patronomicon
2262 4599 2373 4654 AS
2384 4599 2435 4652 L
2486 4599 2917 4670 patronomicau
2956 4599 3009 4654 R
3066 4601 3257 4670 patro-

613 4707 616 4710 ·
689 4689 972 4790 ffiymycon
1001 4673 1066 4724 H
1107 4669 1554 4796 {atronomicum
1591 4673 1652 4794 Ii!
1683 4673 1706 4740 ll
1735 4673 1846 4796 ests]
1885 4689 2015 4796 iiiam
2050 4671 2471 4754 {iliam-Acrisii·
2492 4671 3255 4796 signif-ica}add61Fc}bSriclilus

691 4761 876 4870 ὲοῗὲἒ.
909 4743 1300 4870 ’θεῶὲθῖἒὲίὲ
1339 4759 1666 4884 ῗῗέιᾞθὲέῖἔ
1691 4745 2821 4886 ἕἓῗῖοῃῖἓέΐῗέἒέἓεέῗῧὲῗοῖῗὲἱῗωέ
2858 4759 3259 4894 assuant

691 4889 850 4956 dens)
885 4903 1000 4940 non
1033 4903 1160 4940 cum
1201 4885 1412 4940 colonis
1451 4883 1700 4940 ASRF
1733 4889 1752 4956 ΙΙ
1801 4891 1868 4940 18
1905 4889 2027 4942 sola
2056 4887 2217 4940 enim
2252 4887 2505 4958 uenerat]
2564 4903 2689 4942 cum
2728 4883 2903 4938 solam
2946 4901 3069 4938 eam
3104 4901 3257 4936 mue-

691 4961 844 5014 nisse
883 4959 1102 5012 constet
1141 4959 1218 5012 M
1267 4975 1396 5012 cum
1435 4957 1614 5012 solam
1651 4973 1772 5012 eam
1813 4961 2037 5012 constat
2074 4956 2357 5012 inuenisse
2392 4957 2413 5010 l
2440 4961 2459 5026 ss
2502 4963 2571 5012 19
2608 4955 2837 5030 archam
2864 4955 2915 5006 A
2946 4957 2967 5024 fl
2990 4955 3189 5024 supra]
3226 4971 3259 5006 a

689 5031 952 5106 plurimis
991 5027 1196 5084 dicitur
1235 5029 1360 5084 add.
1399 5029 1468 5084 F
1515 5029 1576 5084 et
1611 5029 1670 5084 ut
1711 5047 1744 5084 a
1779 5027 2033 5100 plurimis
2078 5027 2281 5084 dicitur
2318 5029 2527 5084 Daniel
2582 5029 2603 5098 ΙΙ
2636 5033 2723 5080 '22
2758 5023 2917 5096 licet]
2972 5027 3027 5080 et
3066 5041 3257 5096 quam-

691 5123 864 5180 quam
901 5105 978 5162 M
999 5103 1018 5174 fl
1043 5101 1250 5172 yginus
1285 5101 1416 5156 ΑΗ
1473 5103 1672 5174 yginys
1713 5103 1756 5158 S
1807 5099 2019 5174 iginius
2056 5103 2113 5156 R
2168 5099 2355 5172 iginus
2388 5099 2531 5156 LM
2578 5103 2635 5172 ig
2674 5117 2775 5154 nus
2816 5097 2877 5152 F
3186 5127 3189 5130 ·
