3900 5784
739 605 826 670 48
1895 611 2135 662 SERVII

739 771 902 836 alter
951 773 1048 832 est
1081 767 1368 832 Charon:
1413 791 1570 856 nam
1599 767 2007 834 Orcusidem
2050 773 2147 834 est
2186 771 2451 854 Pluton,
2494 773 2571 832 ut
2610 767 2685 832 in
2708 767 3005 832 Verrinis
3056 767 3299 832 indicat

737 875 962 940 Cicero
999 875 1218 938 dicens
1267 877 1354 938 ut
1397 875 1600 940 alter
1635 875 1876 938 Orcus
1925 875 2231 940 venisse
2270 875 2615 938 Hennam
2666 879 2735 940 et
2784 897 2935 940 non
2976 873 3295 940 Proser—

733 983 1024 1066 pinam,
1077 983 1208 1046 sed
1251 983 1498 1066 ipsam
1547 983 1896 1048 Cererem
1945 983 2297 1066 rapuisse
2344 983 2715 1048 videatur.
2802 983 2957 1048 alibi
3002 981 3095 1046 ait
3146 1003 3293 1066 qua

733 1087 988 1152 Ditem
1043 1093 1348 1174 patrem
1405 1089 1814 1154 emersisse
1873 1091 1967 1154 ab
2026 1087 2311 1154 inferis
2362 1091 2663 1172 putant.
2756 1089 3027 1154 dicimus
3078 1091 3293 1154 autem

661 1207 694 1256 5
735 1197 798 1258 et
845 1195 952 1260 hic
997 1193 1118 1260 Dis
1165 1205 1230 1262 et
1271 1197 1378 1262 hic
1427 1193 1622 1262 Ditis.

907 1303 1060 1366 274.
1131 1319 1398 1368 chTvs
1461 1321 1548 1364 ΕΤ
1605 1319 1950 1368 1711161666
2004 1319 2325 1370 POSVERE
2380 1319 2663 1366 ovBILIA
2714 1319 2945 1366 CVRAE
2970 1339 2975 1344 ·
3000 1325 3079 1366 ea
3134 1301 3293 1366 dicit

733 1431 874 1474 esse
927 1411 1000 1474 in
1053 1409 1234 1474 aditu
1295 1409 1678 1494 inferorum,
1743 1431 1906 1492 quae
1964 1409 2177 1474 vicina
2234 1411 2385 1474 sunt
2444 1409 2665 1492 morti3
2732 1413 2849 1472 aut
2912 1431 3077 1494 quae
3136 1411 3291 1492 post

733 1521 1006 1582 mortem
1043 1521 1372 1600 creantur3
1419 1519 1534 1580 aut
1575 1537 1734 1600 quae
1769 1517 1844 1580 in
1875 1519 2089 1580 morte
2126 1519 2307 1594 sunt,
2350 1517 2427 1578 ut
2462 1515 2797 1598 pallorem.
2864 1515 3077 1580 luctus
3114 1517 3287 1580 enim

731 1629 882 1708 post
943 1627 1224 1688 mortem
1289 1623 1408 1688 est.
1633 1641 1862 1688 CVRAE
1929 1623 2387 1706 conscientiae,
2464 1643 2625 1706 quae
2692 1623 2969 1706 puniunt
3034 1645 3287 1706 semper

625 1741 692 1790 10
729 1735 1048 1798 nocentes

803 1823 806 1826 ⁴
905 1837 1054 1904 275.
1131 1853 1394 1904 TRISTIS
1455 1859 1708 1922 severa,
1765 1857 1928 1920 quae
1988 1835 2205 1922 gignit
2256 1837 2687 1904 severitatem.
2776 1837 2999 1902 Cicero
3058 1839 3283 1902 iudex

729 1943 992 2008 tristis
1039 1947 1118 2008 et
1159 1943 1484 2028 integer.

903 2051 1054 2118 276.
1127 2077 1486 2118 MALESVADA
1525 2077 1724 2118 FAMES
1769 2071 1924 2134 quae
1984 2051 2245 2132 impellit
2300 2049 2577 2118 homines
2598 2093 2607 2102 ,
2630 2051 2945 2116 imerdwm
2996 2053 3089 2116 ad
3138 2053 3283 2116 inli-

727 2159 868 2222 cita.
1045 2175 1294 2222 TVRPIs
1345 2177 1652 2222 EGEsrAs
1705 2181 1870 2242 quae
1909 2161 2135 2240 turpes
2184 2157 2363 2222 facit.
2450 2161 2513 2222 et
2560 2159 2743 2242 quasi
2786 2159 3017 2222 harum
3068 2181 3281 2222 rerum

625 2275 688 2324 15
729 2263 1046 2348 imagines
1095 2263 1278 2348 facit,
1327 2287 1488 2350 quas
1531 2265 1688 2330 dicit
1735 2287 1874 2330 esse
1911 2265 2089 2348 apud
2124 2265 2365 2330 inferos
2402 2265 2579 2350 ideo,
2624 2265 2773 2350 quia
2814 2267 2881 2330 in
2920 2285 3109 2348 quem
3152 2267 3283 2330 ista

729 2375 1144 2456 concurrunt,
1207 2371 1292 2436 sit
1349 2363 1644 2464 mortalis
1703 2381 1965 2436 necesse
2018 2375 2143 2438 est:
2206 2371 2373 2438 unde
2420 2373 2577 2438 deos
2622 2373 2997 2438 inmortales
3048 2373 3281 2456 dicunt,

727 2477 834 2562 qui
881 2479 1008 2542 1666
1049 2501 1186 2542 non
1237 2479 1528 2562 sentiunt
1575 2477 1808 2562 quibus
1857 2501 2027 2542 mors
2078 2483 2351 2542 creatur.
2848 2463 2853 2468 ”

901 2585 1052 2650 277.
1129 2609 1474 2650 PERRIBILES
1519 2611 1654 2652 νων
1695 2613 1930 2652 FORMAE
1976 2605 2177 2652 omnes
2222 2585 2451 2654 Scilicet
2490 2605 2643 2666 quas
2688 2605 2881 2666 supra
2926 2585 3105 2650 6113311.

901 2693 1048 2758 278,
1127 2709 1702 2758 CONSANevavs
1735 2711 1900 2756 LETI
1931 2711 2155 2758 soros
2186 2693 2533 2758 secundum
2564 2691 2949 2758 Homerum:
2984 2693 3077 2756 vel
3102 2695 3281 2756 iuxta

619 2813 684 2860 20
721 2801 886 2864 1111161
917 2799 1138 2884 <522>
1183 2801 1426 2866 dulcis
1471 2807 1536 2864 61
1569 2801 1732 2864 alta
1771 2801 1979 2882 quies
2010 2801 2501 2884 placidaeque
2544 2801 2949 2866 simillima
2990 2803 3273 2864 mortis,

811 2927 1008 2972 MALA
1049 2925 1308 2972 MENTIS
1363 2925 1630 2972 GAVDIA
1695 2909 2087 2992 generaliter
2142 2909 2429 2972 omnium
2492 2909 2801 2972 scelerum
2858 2907 3039 2990 dicit,
3100 2929 3171 2972 66
3220 2907 3273 2972 si

725 3015 966 3078 diceret
1015 3013 1256 3080 ‘malae
1297 3015 1536 3080 mentis
1589 3013 1886 3098 gaudia':
1929 3021 2003 3080 ut
2042 3035 2183 3080 cum
2230 3015 2387 3078 male
2428 3015 3071 3108 1666ν11111961ιᾶ66111.

899 3123 1046 3186 279.
1121 3149 1412 3188 MORTIFER
1423 3149 1536 3194 VMQ
1547 3147 1622 3186 ΥΕ
1655 3149 1738 3186 AD
1753 3149 1924 3188 VERso
1970 3147 2055 3188 ΙΝ·
2074 3147 2285 3188 ΜΜΙΝΕ
2330 3149 2575 3188 BELLVM
2614 3123 2765 3186 mire
2810 3123 2855 3200 †
2880 3143 3019 3186 cum
3066 3125 3275 3188 omnia

865 3357 892 3404 1
929 3351 994 3406 in
1027 3351 1300 3422 Verrinis]
1347 3353 1454 3406 6613.
1495 3351 1546 3404 ΙΙ
1583 3351 1676 3404 lib.
1717 3351 1792 3404 IV
1833 3357 1918 3418 50,
1952 3357 2049 3406 111
2082 3353 2099 3422 ΙΙ
2140 3359 2171 3404 3
2214 3349 2371 3420 alibi]
2406 3351 2471 3404 in
2504 3351 2659 3406 Verr.
2702 3353 2809 3406 666.
2848 3351 2899 3404 Π
2936 3351 3029 3404 lib.
3072 3349 3147 3404 IV
3186 3359 3273 3416 48,

721 3429 820 3478 107
853 3425 872 3494 ΙΙ
909 3429 940 3476 6
979 3439 1046 3476 66
1083 3423 1366 3478 dicit..
1405 3423 1626 3476 creatur
1657 3423 1732 3492 (v.
1771 3395 1922 3494 276)]
1964 3441 2137 3476 exscr.
2174 3423 2453 3492 mythogr.
2492 3421 2567 3476 III
2608 3431 2653 3490 6,
2696 3429 2759 3476 25
2788 3425 2807 3494 ΙΙ
2856 3429 2913 3476 11
2960 3421 3177 3494 Cicero]
3218 3425 3275 3476 in

715 3493 876 3548 Verr.
913 3495 1024 3550 aet.
1061 3495 1088 3548 Ι
1125 3495 1174 3548 X
1213 3501 1282 3548 30
1327 3495 1346 3564 ΙΙ
1395 3501 1460 3548 19
1501 3495 1802 3548 seeundum
1843 3493 2171 3564 Homerum]
2212 3495 2279 3548 cf.
2318 3493 2559 3548 Macrob
2606 3493 2723 3548 8613.
2760 3495 2807 3548 V
2852 3501 2897 3560 ’1,
2942 3499 3003 3548 11

865 3714 892 3759 1
931 3707 1078 3760 alter
1117 3707 1202 3760 est
1241 3723 1374 3776 ergo
1411 3707 1492 3760 M
1529 3707 1546 3776 ΙΙ
1595 3723 1828 3760 catonus
1869 3707 1928 3760 H
1990 3723 2155 3760 caron
2190 3707 2269 3758 M
2302 3707 2321 3776 ΙΙ
2366 3705 2517 3760 idem
2552 3707 2661 3776 est]
2704 3707 2855 3762 idem
2890 3707 2947 3758 R
2998 3707 3149 3760 idem
3188 3709 3275 3762 6613

715 3779 790 3844 A,
825 3779 920 3832 sed
955 3793 1046 3830 em
1081 3779 1150 3830 in
1179 3793 1312 3842 ras„
1353 3779 1438 3832 est
1473 3795 1626 3846 supr.
1663 3793 1794 3832 vers
1837 3797 1874 3832 a
1923 3779 1989 3832 id
2024 3779 2113 3832 est
2144 3777 2187 3830 S
2216 3779 2233 3848 ΙΙ
2260 3783 2291 3830 2
2330 3779 2393 3830 ut
2420 3779 2621 3832 Verres
2656 3779 2801 3834 alter
2844 3779 3017 3832 Orcus
3056 3779 3271 3832 venisse

715 3849 976 3904 Hennam
1015 3849 1072 3902 et
1107 3865 1218 3904 non
1255 3819 1650 3918 Proserpinam
1687 3851 2021 3920 asportasse,
2060 3847 2159 3902 sed
2194 3849 2379 3920 ipsam
2414 3849 2725 3918 abripuisse
2762 3849 3021 3904 Cererem
3056 3849 3269 3904 videre-

715 3919 808 3974 tur
847 3921 1036 3974 Cicero
1049 3923 1078 4000 ΙΙ
1117 3919 1364 3974 uenisset
1401 3923 1478 3974 M
1511 3923 1520 3992 Ι
1553 3923 1816 3976 aethnam
1855 3921 1977 3974 ΕΑ
2032 3923 2261 3974 aetnam
2294 3919 2415 3974 SE
2466 3921 2693 3975 ethnam
2736 3923 2807 3974 M
2840 3923 2861 3992 11
2902 3927 2935 3974 3
2976 3919 3299 3974 uidebatur'

713 3991 772 4046 R
799 3995 814 4064 ΙΙ
843 3995 956 4062 qua,
993 3989 1182 4046 Ditem
1221 3993 1438 4062 patrem
1505 3995 1666 4046 erunt
1699 3997 1930 4064 repente
1970 4011 2097 4048 cum
2136 4009 2297 4046 curru
2336 3991 2613 4046 exstitisse
2646 3993 2833 4048 Cicero
2862 3995 2879 4064 [Ι
2906 4009 3017 4060 qua,
3052 3991 3267 4064 Ditem]

711 4137 790 4202 qd
821 4135 964 4190 item
1007 4135 1080 4188 M
1133 4133 1270 4202 quia
1303 4133 1496 4191 Ditem
1529 4135 1688 4216 011190
1737 4139 1756 4206 ΙΙ
1807 4139 1842 4188 4
1881 4135 2229 4190 memersisse
2264 4125 2375 4190 AS
2414 4139 2433 4208 11
2492 4141 2523 4190 5
2560 4137 2621 4190 et
2652 4135 2751 4188 hic
2786 4133 2873 4188 dis
2910 4135 2971 4188 et
3004 4133 3099 4188 hic
3134 4133 3269 4188 ditis

709 4207 880 4260 ΗΜ·
917 4207 976 4260 66
1009 4205 1104 4258 hic
1143 4205 1228 4258 dis
1267 4205 1428 4258 huius
1471 4205 1604 4260 ditis
1643 4205 1696 4260 R
1755 4207 1810 4262 et
1849 4205 1940 4258 hic
1982 4205 2065 4258 dis
2108 4209 2161 4258 et
2194 4205 2335 4260 haec
2374 4207 2507 4260 ditis
2540 4205 2651 4260 AS
2674 4207 2693 4274 ΙΙ
2740 4211 2769 4256 8
2804 4205 3095 4274 creantur]
3132 4203 3271 4260 dicit

711 4277 888 4332 etiam
925 4277 1052 4330 add.
1083 4277 1162 4328 M
1183 4277 1200 4346 ΙΙ
1231 4283 1264 4328 9
1301 4277 1448 4346 post]
1489 4293 1588 4344 per
1617 4277 1768 4330 Lien
1791 4277 1810 4346 ΙΙ
1839 4275 2245 4346 conscientiae]
2280 4277 2463 4330 malae
2504 4275 2877 4330 conscientiae
2914 4277 2993 4328 M
3014 4277 3031 4346 ΙΙ
3064 4281 3131 4328 10
3166 4293 3269 4330 no-

713 4349 926 4430 centes]
975 4347 1042 4400 ut·
1085 4345 1228 4400 dicit
1267 4347 1544 4400 luvenalis
1579 4347 1738 4412 (XIII
1777 4351 1900 4414 193)
1935 4365 2075 4416 quos
2118 4347 2225 4400 diri
2270 4345 2495 4400 conscia
2534 4345 2675 4400 facti
2722 4361 2877 4400 mens
2910 4347 3085 4400 habet
3122 4349 3269 4402 6160

709 4417 862 4472 nitos
901 4419 956 4472 613
993 4417 1160 4472 surdo
1185 4417 1420 4472 uerbere
1447 4415 1636 4472 caedit
1663 4419 1942 4486 occultum
1974 4419 2263 4488 quatiente
2290 4419 2477 4472 animo
2508 4419 2719 4472 tortore
2746 4417 3035 4488 flagellum
3062 4421 3189 4474 add.
3210 4421 3269 4472 D

711 4486 730 4560 Η
773 4493 834 4542 11
867 4489 1102 4544 Cicero.
1179 4487 1440 4556 .integer
1477 4505 1576 4542 om.
1611 4491 1682 4542 M
1707 4491 1726 4558 ll
1759 4495 1820 4544 12
1863 4491 2103 4562 integer]
2144 4509 2567 4544 consancvmssvs
2606 4507 2725 4544 mn
2762 4507 2927 4544 soros
2962 4489 3265 4544 secundum

711 4561 1020 4616 Homerum
1065 4531 1374 4630 sequuntur
1409 4561 1470 4614 in
1507 4559 1840 4616 RASHM
1885 4562 1900 4632 ΙΙ
1958 4569 2023 4616 13
2060 4561 2213 4616 Mala.
2260 4563 2431 4616 suada,
2480 4561 2765 4628 famesque
2804 4561 2869 4616 F
2906 4565 2923 4632 11
2984 4567 3047 4616 14
3086 4579 3267 4616 'rvums

709 4633 970 4702 sensus]
1011 4635 1232 4700 egestas
1273 4633 1458 4686 autem
1495 4631 1676 4700 turpis
1717 4633 1792 4686 M
1821 4633 1840 4702 11
1887 4637 1948 4686 15
1994 4631 2125 4702 quia
2158 4649 2259 4688 om.
2294 4631 2407 4688 AS
2440 4632 2459 4701 ΙΙ
2506 4637 2567 4686 16
2606 4633 2893 4688 incurrunt
2928 4633 2993 4686 F
3042 4649 3269 4686 concur

653 4703 658 4706 ’
709 4705 836 4756 rent
875 4703 1186 4772 Stephanus
1225 4709 1278 4758 et
1309 4703 1522 4758 Daniel
1545 4703 1562 4774 ΙΙ
1599 4703 1868 4758 mortales
1903 4703 1965 4758 F
1990 4707 2009 4776 ΙΙ
2042 4703 2369 4760 inmortales
2402 4703 2535 4758 deos
2572 4703 2621 4756 S
2644 4705 2661 4772 ΙΙ
2704 4709 2771 4758 17
2808 4703 2927 4774 qui]
2970 4703 3103 4772 quia
3140 4703 3217 4790 M
3248 4701 3265 4774 [Ι

715 4781 784 4828 19
819 4775 1126 4828 secundum
1161 4773 1490 4846 Homerum]
1531 4775 1630 4844 qui
1663 4773 1746 4828 6113
1783 4775 1848 4844 (Ι
1851 4777 1886 4830 1
1913 4775 2045 4830 XIV
2072 4779 2199 4846 231)
2242 4769 2375 4830 ἕνθ’
2398 4769 2591 4846 ”Τπνῳ
2630 4769 2909 4856 ξυμβλητο
2946 4769 3265 4844 κασιγνήτῳ

713 4841 1004 4898 Θανάτοιο
1051 4847 1292 4900 601111).
1357 4865 1498 4916 quae
1551 4853 1852 4916 sequuntur
1907 4849 1969 4900 111
2020 4847 2417 4916 exemplaribus
2470 4847 2529 4900 613
2572 4843 3019 4912 consanguineus
3064 4845 3265 4898 similis

709 4917 892 4972 nescio
927 4917 1072 4970 unde
1099 4919 1286 4984 petita
1317 4921 1444 4972 sint.
1477 4919 1498 4988 ΙΙ
1525 4917 1642 4990 vel]
1681 4917 1778 4972 Sol
1813 4917 2025 4972 Daniel
2048 4919 2065 4988 ΙΙ
2106 4925 2173 4972 20
2210 4917 2525 4986 placitoque
2562 4915 2681 4970 FG
2708 4917 2729 4986 ΙΙ
2756 4917 2923 4970 morti
2960 4917 3095 4970 111111
3136 4915 3265 4970 Ver·
3280 4961 3283 4964 .

709 4989 916 5060 91116111
955 4989 976 5060 ΙΙ
1029 4987 1236 5042 scholia
1283 4991 1356 5044 ad
1403 5007 1546 5044 mm
1579 5009 1640 5044 u.
1675 5007 1726 5046 c.
1765 4997 1814 5046 et
1849 4991 1924 5046 ad
1958 5007 2009 5046 υ.
2046 4997 2151 5044 279
2188 5005 2291 5044 om.
2330 4989 2383 5042 G
2424 4991 2441 5060 ΙΙ
2498 4995 2563 5042 23
2618 4997 2741 5098 6Ἶ111
2780 4985 2993 5060 omnia]
3034 4989 3267 5056 fortasse

707 5061 924 5118 relicua.
957 5057 1152 5114 omnia
2654 5101 2679 5248 l

2628 5249 2655 5312 s
