3900 5784
1305 615 1532 672 COMM.
1567 617 1650 670 ΙΝ
1687 617 1902 674 VERG.
1939 617 2109 674 AEN.
2148 617 2277 672 vul
2312 623 2615 674 554-564,
3092 625 3221 688 279

665 787 936 850 arbore
999 805 1282 848 ramus:
1349 801 1504 866 ergo
1557 805 1760 848 unum
1811 787 2029 866 vacat,
2098 785 2409 866 quantum
2470 783 2547 848 ad
2608 787 3079 870 antiquitatem.
3152 793 3223 854 et

661 893 1020 958 notandum
1063 893 1290 956 votum
1339 891 1414 954 de
1459 893 1810 974 praeterito
1861 891 2017 956 fieri.

839 999 988 1064 561.
1061 1015 1312 1074 QVALIS
1357 1015 1546 1062 ERAM
1599 1001 1710 1062 aut
1755 1001 1822 1062 ut
1865 997 1989 1062 sim
2024 997 2203 1080 talis,
2252 997 2459 1080 qualis
2506 1001 2659 1060 tunc
2710 1021 2915 1088 eram,
2966 1003 3217 1086 quando

663 1107 794 1170 ista
839 1105 1106 1188 perfeci:
1153 1111 1268 1172 aut
1303 1109 1476 1170 certe
1515 1105 1834 1168 laudantis
1875 1109 1977 1168 est
2022 1103 2257 1190 ‘qualis
2294 1125 2475 1168 eram
2510 1123 2657 1168 cum
2694 1107 2975 1188 primam
3010 1111 3217 1174 aciem

663 1211 1008 1276 Praeneste
1051 1215 1172 1278 sub
1225 1215 1368 1298 ipsa
1411 1211 1654 1278 stravi’.
1731 1217 1786 1278 et
1829 1213 2051 1278 bonum
2090 1213 2477 1296 winczpiam
2512 1213 2819 1290 parenti&
2866 1217 2975 1296 Qui
3010 1217 3217 1298 filium
3254 1225 3283 1274 5

659 1321 748 1382 ad
787 1319 942 1384 bella
991 1323 1234 1386 mittens
1277 1321 1656 1386 cohortatur:
1723 1321 1794 1386 ab
1843 1325 2035 1384 aetate
2082 1321 2247 1384 enim
2288 1319 2583 1382 iuvenum
2624 1319 2839 1402 coepit,
2890 1323 2993 1384 cm'
3030 1323 3221 1400 facilc

657 1447 782 1490 esse
839 1427 1004 1494 debet
1055 1427 1284 1494 hostem
1333 1435 1732 1510 prosternere.
1821 1429 2011 1494 simul
2066 1433 2123 1490 et
2174 1427 2381 1508 filium
2426 1427 2717 1508 paternis
2764 1427 3059 1508 exemplis
3110 1433 3217 1494 ad-

657 1535 912 1618 monuit,
937 1539 1014 1598 ut
1037 1533 1180 1616 <111
1213 1535 1386 1618 343>
1413 1541 1726 1616 etpatcr
1749 1535 2039 1600 Aeneas
2078 1539 2141 1598 et
2174 1533 2587 1604 avunculus
2622 1533 2897 1598 excitat
2924 1533 3215 1598 Hector.

823 1667 1160 1706 mmmmm
1205 1667 1316 1706 sve
1363 1667 1492 1706 IPSA
1543 1643 1616 1706 in
1667 1643 1920 1724 septimo
1970 1645 2179 1706 neutro
2222 1661 2435 1724 §encre
2480 1639 2639 1704 discit
2688 1639 2903 1722 <682>
2954 1643 3217 1722 quique

653 1749 886 1814 altum
935 1747 1336 1812 Praeneste
1377 1749 1540 1812 viri.
1845 1815 1848 1818 ,
3252 1757 3323 1806 10

833 1853 982 1918 562.
1055 1871 1564 1934 scvrossvMQVE
1627 1871 1922 1920 INOENDI
1982 1873 2243 1922 weron
2270 1853 2613 1922 'Acnnvos
2678 1853 2805 1918 hoc
2868 1853 3071 1918 traxit
3134 1855 3213 1918 de

651 1959 958 2024 historia:
1003 1961 1390 2046 Tarquinius
1441 1963 1612 2024 enim
1647 1961 1904 2028 Priscus
1949 1949 2133 2028 victis
2174 1961 2435 2028 Sabinis
2482 1961 2549 2024 in
2588 1961 2901 2026 honorem
2932 1959 3211 2026 Vulcani

653 2087 878 2132 eorum
925 2089 1108 2132 arma
1153 2067 1506 2132 succendit:
1567 2091 1754 2154 quem
1803 2073 2027 2152 postea
2078 2069 2277 2136 secuti
2326 2071 2477 2132 sunt
2522 2071 2735 2134 ceteri.

833 2175 980 2240 564.
1055 2193 1172 2240 cvl
1223 2195 1396 2242 TRES
1447 2195 1702 2244 ANIMAS
1759 2201 1874 2262 per
1933 2179 2279 2244 transitum
2340 2177 2621 2242 ostendit
2680 2177 2859 2242 illam
2916 2175 3207 2240 Platonis

653 2287 722 2348 et
763 2283 1140 2348 Aristotelis
1193 2285 1696 2364 contentionem,
1749 2285 1860 2368 qui
1907 2285 2235 2372 dubitant,
2288 2287 2503 2348 utrum
2556 2287 2887 2368 quattuor,
2944 2307 3029 2348 an
3072 2289 3205 2350 tres
3248 2297 3313 2344 15

649 2393 900 2456 animae
953 2393 1084 2456 sint
1117 2391 1186 2454 in
1217 2393 1510 2478 homine,
1561 2387 1810 2474 φυσικὴ
1849 2387 2205 2474 αἰσθητικὴ
2244 2387 2553 2476 νοητικὴ,
2596 2395 2849 2456 remota
2882 2389 3207 2474 κινητική.

645 2497 768 2562 1100
837 2501 1048 2562 autem
1113 2499 1256 2562 1000
1315 2519 1426 2582 per
1483 2497 1646 2562 ‘tres
1707 2497 1983 2562 animas'
2042 2521 2351 2582 magnum
2414 2503 2477 2564 et
2538 2499 2897 2582 perfectum
2962 2499 3207 2564 indicat

649 2605 886 2690 virun13
955 2627 1106 2668 nam
1173 2609 1482 2690 quantum
1551 2603 1628 2670 ad
1693 2603 1983 2668 fabulam
2052 2607 2357 2688 pertinet,
2426 2609 2557 2670 tres
2622 2605 2873 2670 animas
2942 2609 3207 2690 propter

621 2711 772 2774 'tria
817 2711 1050 2776 habuit
1095 2733 1382 2796 corpora.
1477 2711 1942 2776 attendendum
1988 2733 2173 2796 sane,
2230 2711 2353 2776 hoc
2402 2711 2525 2776 sibi
2572 2711 2953 2776 Euandrum
3000 2711 3201 2776 vindi·

643 2839 788 2884 care
837 2819 1002 2900 quod
1051 2819 1180 2882 fuit
1221 2819 1290 2882 in
1337 2819 1636 2904 Hercule3
1699 2841 1850 2882 nam
1907 2821 1979 2884 ut
2026 2819 2135 2882 1110
2186 2817 2553 2902 Geryonem
2598 2819 2903 2904 extinxit,
2956 2821 3053 2884 ita
3096 2819 3201 2884 hic
3236 2827 3307 2876 20

643 2925 920 3008 Erylum
977 2925 1228 2990 occidit.
1319 2927 1468 2990 inde
1531 2931 1628 2990 est
1687 2925 1854 3008 quod
1921 2927 2115 3010 paulo
2184 2931 2335 3008 post
2402 2927 2557 2990 dicit
2620 2927 2857 3010 ‘neque
2920 2927 3197 2990 finitimo

645 3031 1000 3098 Mezentius
1051 3053 1352 3114 umquam
1401 3033 1552 3098 huic
1597 3033 1798 3116 capiti
1837 3033 2211 3098 insultans'.
2306 3033 2597 3098 Herculis
2654 3035 2819 3098 enim
2868 3055 3011 3098 mos
3056 3035 3197 3116 fuit,

641 3145 714 3204 ut
757 3141 956 3204 etiam
999 3163 1132 3206 non
1183 3143 1452 3224 rogatus
1495 3139 1948 3206 laborantibus
2000 3139 2389 3204 subveniret.
2470 3144 2627 3204 tunc
2672 3141 2873 3224 enim,
2922 3141 3085 3204 sicut
3134 3143 3197 3204 et

643 3245 852 3312 Varro
893 3247 1078 3330 dicit,
1123 3269 1348 3312 omnes
1399 3247 1506 3332 qui
1553 3247 1840 3310 fecerant
1885 3247 2171 3330 fortiter,
2214 3245 2531 3310 Hercules
2576 3247 3001 3312 vocabantur:
3046 3247 3197 3312 licet

639 3375 748 3418 eos
817 3353 1026 3438 primo
1081 3371 1276 3422 XLIII.
1329 3355 1822 3418 enumeraverit.
1913 3353 2063 3416 hinc
2132 3359 2229 3418 est
2292 3339 2459 3438 quod
2516 3353 2791 3438 legimus
2846 3353 3191 3418 Herculem
3232 3361 3299 3410 25

637 3461 1072 3544 Tirynthium,
1101 3461 1438 3546 Argivum,
1465 3461 1864 3544 Thebanum,
1893 3459 2153 3544 Libym.
2288 3479 2597 3526 FERONIA
2636 3479 2869 3528 MATER
2906 3463 3191 3544 nympha

639 3563 1062 3652 Campaniae,
1135 3549 1328 3652 quani
1395 3569 1588 3632 etiam
1659 3591 1850 3650 supra
1919 3565 2089 3650 <VII
2152 3569 2319 3652 799>
2390 3569 2681 3632 diximus,
2774 3569 2931 3632 haec
2998 3569 3191 3632 etiam

637 3675 1020 3738 libertorum
1067 3675 1186 3740 dea
1231 3681 1354 3760 est,
1405 3677 1470 3740 in
1519 3677 1696 3740 cuius
1739 3677 1985 3760 templo
2026 3697 2173 3740 raso
2210 3677 2425 3758 capite
2460 3677 2729 3760 pilleum
2772 3677 3189 3760 accipiebant.

637 3781 818 3846 euius
863 3781 958 3844 rei
1005 3781 1202 3848 etiam
1237 3783 1510 3848 Plautus
1559 3785 1630 3846 in
1669 3781 2145 3866 Amphitryone
2182 3783 2259 3866 <I
2296 3783 2351 3866 1,
2384 3783 2553 3866 305>
2600 3785 2761 3850 facit
2796 3765 3189 3848 mentionem

635 3887 832 3972 quod
907 3889 1198 3952 utinam
1265 3891 1402 3954 ille
1461 3887 1666 3954 faxit
1725 3887 2111 3974 Iuppiter,
2186 3893 2269 3952 ut
2328 3911 2505 3956 raso
2570 3893 2821 3974 capite
2892 3893 3185 3974 portem
3228 3897 3293 3944 30

777 4087 806 4136 3
843 4083 910 4134 ut
943 4097 1046 4136 om.
1071 4081 1318 4136 ASLF
1339 4085 1360 4153 ΙΙ
1401 4087 1430 4136 5
1469 4083 1572 4136 sub
1609 4075 1742 4138 ista⁴
1765 4085 1834 4140 M
1859 4085 1878 4154 ΙΙ
1905 4083 2115 4136 bonum
2150 4083 2489 4154 principium
2528 4127 2537 4138 .
2570 4125 2581 4136 .
2618 4127 2627 4136 .
2666 4083 2879 4138 Hector
2912 4085 2977 4136 in
3014 4099 3183 4154 mary.

633 4153 758 4208 hab.
803 4151 850 4226 T
871 4155 892 4220 ΙΙ
931 4153 1050 4224 qui]
1089 4171 1200 4222 quo
1243 4155 1332 4222 :1¹11
1379 4161 1408 4208 6
1445 4153 1774 4208 cohortatur
1811 4155 1882 4210 T:
1921 4157 2247 4208 cohortetur
2282 4157 2341 4208 F
2396 4155 2713 4210 cohertetur
2754 4153 2801 4208 G
2828 4157 2847 4224 ΙΙ
2892 4159 2921 4208 7
2958 4169 3185 4222 prouer-

631 4241 762 4278 nere
801 4223 850 4278 G
879 4228 898 4293 ΙΙ
941 4229 972 4278 8
1015 4227 1218 4280 excitet
1263 4227 1312 4280 Τ
1339 4229 1360 4294 ΙΙ
1411 4233 1472 4280 12
1513 4225 1750 4298 priscus]
1789 4227 2003 4294 primus
2040 4227 2165 4280 add.
2204 4225 2315 4280 AS
2326 4227 2403 4278 M
2424 4227 2441 4292 ΙΙ
2480 4227 2685 4280 honore
2726 4225 2781 4278 R
2814 4228 2835 4294 u
2886 4233 2945 4280 13
2990 4225 3179 4294 ceteri]

631 4315 822 4352 weron
859 4295 1180 4350 Euandrum
1217 4297 1278 4350 in
1311 4295 1536 4352 Italiam
1569 4301 1892 4352 uenientem
1927 4297 2177 4362 11011100,
2222 4313 2317 4350 rex
2354 4295 2773 4362 Praenestinus,
2810 4297 3021 4352 auxilio
3058 4313 3181 4350 suo-

627 4385 752 4420 rum
793 4365 1000 4420 ciuium
1039 4367 1218 4422 uoluit
1259 4367 1558 4436 expellere:
1603 4387 1742 4436 quos
1771 4367 1908 4424 uicit
1933 4369 2195 4424 Euander
2224 4371 2283 4422 et
2308 4367 2561 4422 Herilum
2600 4367 2885 4422 interfecit
2918 4367 3183 4438 ‹et-inter-

629 4439 906 4492 fectorum
943 4441 1170 4508 clypeos
1207 4439 1516 4494 combussit
1549 4441 1676 4494 add.
1699 4441 2005 4496 Fabricius
2030 4441 2047 4508 ΙΙ
2078 4445 2147 4494 14
2180 4459 2293 4492 'rurs
2322 4439 2449 4492 RF
2474 4443 2493 4510 ΙΙ
2522 4445 2585 4492 16
2624 4439 2857 4508 physice
2894 4439 3181 4502 0110ῒὶ00110

629 4509 772 4564 etice
807 4513 1026 4566 remota
1061 4511 1298 4566 cinetice
1327 4513 1384 4564 A
1439 4511 1650 4564 siticae.
1687 4511 1963 4564 bethicae.
2006 4511 2249 4566 noiticae
2284 4513 2505 4564 remota
2540 4511 2825 4564 ceneticae
2864 4511 2917 4562 R
2964 4505 3179 4578 'pisicae

629 4585 712 4634 est
753 4583 1006 4638 baeticae
1041 4583 1228 4638 notice
1265 4585 1480 4638 remota
1519 4581 1816 4636 cecinetice
1859 4583 1910 4636 L
1978 4581 2153 4652 sytice
2200 4581 2453 4636 ehaetice
2492 4581 2745 4634 noaetice
2780 4581 2997 4634 remota
3032 4581 3179 4634 cine-

625 4651 736 4706 13100
765 4655 832 4706 H
883 4653 1048 4722 fysice
1087 4657 1172 4710 est
1209 4657 1270 4708 et
1303 4655 1488 4708 hetice
1517 4653 1754 4706 Noetice
1789 4655 2007 4706 remota
2040 4653 2277 4706 cinctice
2308 4655 2387 4706 M
2434 4651 2609 4720 fysice
2648 4651 2735 4704 est
2772 4651 3011 4704 etethice
3046 4667 3177 4704 noe-

625 4721 736 4776 tiee
775 4727 990 4778 remota
1027 4723 1194 4780 cinite
1237 4727 1334 4796 Fu
1379 4731 1440 4778 17
1481 4723 1584 4778 tris
1623 4723 1752 4778 RF
1773 4723 1788 4792 ΙΙ
1829 4731 1896 4778 18
1931 4725 2185 4794 propter]
2228 4739 2327 4792 per
2366 4721 2423 4776 F
2448 4726 2467 4792 ΙΙ
2508 4727 2575 4774 20
2616 4721 2883 4790 extincxit
2916 4721 3047 4774 LH
3054 4723 3131 4774 M
3160 4719 3179 4790 li

627 4799 688 4844 :21
731 4793 970 4850 herilum
1001 4799 1052 4850 A
1103 4795 1558 4856 erilumSRLF
1609 4793 1880 4864 ycerilum
1907 4795 1979 4846 H
2024 4795 2307 4864 eryculum
2340 4793 2413 4846 M
2436 4795 2457 4862 ΙῙ
2486 4791 2645 4862 dicit]
2684 4793 2767 4846 ait
2800 4791 2865 4844 F
2884 4795 2903 4862 ΙΙ
2930 4799 2999 4846 23
3036 4793 3179 4846 sicut

625 4879 724 4916 om.
763 4867 812 4918 L
851 4867 934 4934 (ut
973 4869 1096 4922 add.
1141 4871 1178 4934 l)
1209 4871 1228 4938 ΙΙ
1265 4869 1324 4922 et
1359 4885 1456 4922 om.
1501 4865 1558 4920 F
1583 4869 1600 4936 ΙΙ
1647 4871 1714 4918 25
1755 4881 1848 4920 eos
1885 4867 1987 4932 qui
2018 4867 2201 4934 primo
2242 4865 2351 4918 AS
2376 4863 2393 4932 ΙΙ
2426 4863 2879 4918 enumerans-rint
2912 4863 3047 4918 RH
3054 4865 3129 4916 M
3172 4861 3179 4930 Ι

625 4935 920 4992 Herculem
957 4955 1054 4994 om.
1099 4939 1158 4994 F
1205 4943 1226 5012 ΙΙ
1281 4947 1348 4994 26
1387 4939 1560 5008 libym
1603 4937 1762 4992 MP:
1805 4937 1985 5006 lybyn
2018 4937 2131 4994 AS
2188 4933 2387 4990 libium
2424 4935 2483 4988 R
2532 4933 2699 4988 11101111
2736 4935 2785 4988 L
2842 4935 3017 5006 lybim
3054 4935 3125 4988 H
3170 4931 3179 5000 Ι

625 5013 690 5060 28
731 5005 788 5060 111
825 5025 924 5062 om.
955 5011 1018 5064 F
1039 5013 1058 5078 ΙΙ
1087 5029 1210 5066 roso
1245 5011 1302 5066 F
1325 5013 1344 5080 1!
1375 5017 1438 5064 30
1479 5015 1540 5064 ut
1579 5025 1682 5078 ego
1723 5009 1888 5062 hodie
1923 5025 2051 5062 raso
2094 5009 2277 5076 capite
2316 5005 2509 5060 caluus
2546 5005 2765 5074 capiam
2802 5009 3035 5076 pilleum
3064 5005 3125 5060 D
3158 5003 3177 5072 ΙΙ

625 5081 808 5148 portet
845 5079 902 5132 R
