3900 5784
1347 609 1574 666 OOMM.
1615 613 1692 666 IN
1729 613 1940 670 VERG.
1984 613 2149 670 AEN.
2184 615 2263 668 VI
2302 619 2601 672 144—154.
3168 617 3259 678 33

695 799 1158 860 suspensum
1225 777 1534 840 numine
1605 777 1830 842 ducit.
1923 783 1993 842 et
2054 781 2317 864 proprie
2384 777 2661 864 pendere
2728 783 2827 846 est
2890 779 3255 846 desiderare

693 885 932 968 aliquid
973 883 1224 966 audire,
1271 885 1340 948 ut
1383 881 1520 968 <IV
1549 885 1676 968 79>
1715 887 2151 971 pendetque
2196 885 2479 950 iterum
2524 889 2919 952 narrantis
2972 887 3061 952 ab
3112 909 3257 952 ore.

877 993 1020 1058 152.
1093 1011 1384 1058 sunissvs
1427 1011 1622 1058 HVNO
1669 1011 1896 1058 REFER
1931 1011 2123 1058 ANTE
2170 1013 2317 1060 svis
2370 993 2539 1076 apud
2584 995 2891 1080 majores„
2934 999 3013 1060 ut
3058 1015 3259 1080 supra

693 1099 800 1182 <V
829 1097 956 1180 64>
1009 1101 1310 1184 111Χί11100,
1359 1121 1584 1164 omnes
1635 1101 1702 1162 in
1753 1101 1886 1164 suis
1931 1099 2235 1162 domibus
2276 1099 2781 1184 sepeliebantur,
2830 1101 3001 1164 unde
3036 1103 3253 1164 ortum

693 1209 796 1270 est
837 1209 916 1270 ut
959 1207 1130 1270 lares
1177 1209 1542 1272 colerentur
1577 1205 1650 1268 in
1685 1203 2015 1268 domibus:
2062 1203 2231 1266 unde
2272 1203 2467 1266 etiam
2506 1207 2769 1270 umbras
2806 1201 3025 1272 lar‘vas
3066 1227 3253 1270 voca·
3290 1215 3321 1264 5

691 1335 834 1378 mus
875 1335 918 1378 a
951 1313 1204 1398 laribus,
1253 1337 1404 1380 nam
1443 1313 1536 1376 dii
1569 1317 1842 1394 penates
1893 1311 2011 1374 alii
2056 1313 2221 1374 sunt.
2296 1309 2443 1374 inde
2490 1313 2585 1374 est
2634 1313 2803 1394 quod
2854 1315 3047 1378 etiam
3084 1311 3255 1378 Dido

691 1419 1152 1506 cenotaphium
1205 1419 1382 1486 domi
1437 1419 1594 1482 fecit
1647 1419 1902 1482 marite.
1996 1437 2149 1500 ergo
2196 1419 2307 1478 aut
2356 1417 2703 1482 secundum
2752 1419 2951 1482 istum
2998 1423 3253 1484 Iocutus

693 1531 798 1590 est
833 1551 1106 1612 morem,
1155 1525 1450 1610 quamvis
1491 1523 1696 1590 adhuc
1737 1523 2009 1588 Troiani
2044 1521 2273 1586 domos
2316 1545 2451 1588 non
2498 1523 2873 1590 habuerint:
2920 1533 3031 1592 aut
3080 1527 3255 1610 dicit,

691 1635 858 1698 refer
905 1635 1076 1698 hunc
1125 1631 1536 1720 naturalibus
1573 1631 1852 1714 sedibUS,
1901 1629 1965 1696 id
2008 1633 2107 1694 est
2144 1633 2381 1694 terrae:
2424 1653 2581 1694 nain
2626 1633 2693 1696 in
2746 1655 2911 1716 aqua
2956 1635 3255 1716 perierat.

689 1761 914 1804 verum
967 1743 1190 1804 tamen
1247 1739 1410 1803 illud
1467 1739 1596 1818 est,
1661 1739 1738 1800 ut
1791 1737 2251 1822 intellegamus
2314 1759 2459 1800 eam
2524 1737 2761 1820 dicere,
2824 1739 3027 1822 sepeli
3082 1761 3253 1802 eum:
3292 1751 3361 1800 10

687 1869 842 1910 nam
911 1849 1278 1932 sepulcrum
1341 1845 1526 1910 sedes
1589 1847 1890 1908 vocatur:
1962 1843 2281 1908 Horatius
2358 1845 2573 1910 nulla
2650 1845 2929 1908 certior
2998 1851 3257 1908 tamen

691 1953 1000 2038 rapacis
1047 1953 1222 2018 Orci
1281 1953 1452 2016 sede
1513 1951 1908 2016 destinata
1964 1951 2285 2016 divitem
2338 1955 2595 2016 manet
2644 1975 2875 2034 erum,
2920 1951 3249 2034 Vergilius

693 2059 870 2142 <VII
917 2061 1000 2142 3>
1049 2063 1122 2124 et
1165 2083 1364 2124 1111110
1421 2061 1680 2124 servat
1733 2059 1977 2124 honos
2038 2059 2287 2122 sedem
2340 2063 2521 2124 tuus
2574 2081 2903 2144 ossaque
2956 2081 3255 2124 nomen.

687 2167 784 2230 vel
825 2163 844 2192 ς
857 2165 1040 2250 suis',
1101 2169 1402 2248 quoniam
1451 2167 1718 2232 eiusdem
1773 2169 2047 2232 nominis
2104 2167 2299 2232 locum
2352 2167 2675 2232 habiturus
2720 2169 2815 2232 sit.
2906 2165 3255 2248 persuadet

689 2277 910 2338 autem
967 2274 1398 2358 sepulturam,
1453 2277 1530 2338 ut
1581 2273 1796 2356 possit
1849 2273 2131 2340 recentis
2186 2273 2519 2352 cadaveris
2572 2275 2671 2338 uti
2730 2275 2971 2358 anima,
3026 2277 3101 2336 ut
3158 2273 3253 2336 ait
3290 2287 3359 2334 15

687 2379 986 2444 Lucanus
1027 2379 1164 2462 <VI
1195 2373 1364 2464 712>
1405 2403 1556 2446 non
1593 2379 1672 2442 in
1707 2383 2065 2446 tartareo
2104 2381 2555 2444 latitantem
2592 2381 2987 2464 poscimus
3028 2383 3251 2444 antro

689 2487 1246 2572 adsuetamque
1295 2489 1420 2552 diu
1453 2485 1854 2570 tenebriS‚''
1885 2487 2103 2550 modo
2146 2487 2311 2550 luce
2350 2487 2623 2572 fugata
2662 2487 3251 2550 descendentem

689 2597 1048 2658 animam:
1089 2595 1338 2678 primo
1389 2595 1762 2678 pallentis
1807 2595 2033 2658 hiatu
2076 2593 2345 2658 haeret
2394 2595 2635 2658 adhuc
2676 2593 2865 2658 Orci.

873 2699 1014 2764 153.
1087 2715 1392 2764 PIAOVLA
1437 2717 1662 2766 SVNTO
1723 2701 1802 2764 ad
1863 2697 2293 2784 expiationem
2346 2699 2759 2784 pollutionis,
2818 2721 2985 2784 quae
3038 2701 3251 2764 fuerat

687 2811 840 2870 nata
887 2809 1092 2872 morte
1141 2805 1398 2874 Miseni.
3284 2823 3355 2870 20

867 2913 1014 2976 154.
1085 2931 1190 2976 SIC
1239 2931 1492 2980 DEMVM
1549 2913 1628 2978 ad
1683 2919 2111 3000 postremum,
2176 2913 2301 2980 hoc
2358 2919 2455 2980 est
2508 2915 2877 2980 novissime.
2968 2919 3035 2978 et
3088 2915 3249 2980 haec

685 3019 1010 3104 particula
1057 3023 1188 3084 tam
1239 3021 1410 3106 apud
1459 3019 1854 3106 Vergilium,
1911 3043 2103 3106 quam
2154 3021 2319 3104 apud
2368 3045 2589 3086 omnes
2638 3019 2905 3086 idoneos
2950 3023 3249 3086 auctores

687 3129 810 3192 hoc
859 3127 1212 3212 significat,
1275 3129 1426 3192 licet
1469 3129 1540 3192 in
1587 3127 1730 3190 aliis
1779 3127 2035 3192 diversa
2080 3127 2423 3210 significet.
2602 3147 2821 3192 chos
2872 3145 3113 3192 s'rreis
3156 3147 3247 3192 ET

685 3251 918 3300 REGNA
973 3251 1172 3300 11⁸1le
1227 3253 1416 3300 vivls
1469 3249 1782 3300 ASPIGIES
1843 3231 2087 3300 Seneca
2150 3233 2407 3318 scripsit
2464 3235 2541 3300 de
2602 3235 2731 3298 situ
2794 3237 2859 3298 et
2914 3237 2989 3300 de
3044 3235 3247 3300 sacris

831 3417 892 3464 11
933 3409 1218 3480 Horatius]
1263 3429 1430 3466 carm.
1467 3411 1524 3464 ΙΙ
1561 3417 1648 3478 18,
1677 3417 1742 3464 29
1781 3413 1800 3480 ΙΙ
1847 3417 1918 3464 24
1956 3411 2191 3480 Seneca]
2230 3409 2429 3480 fragm.
2468 3411 2575 3464 XII
2612 3427 2699 3480 ap,
2740 3411 2875 3464 Has.
2912 3411 2991 3464 III
3026 3429 3079 3480 p.
3122 3417 3245 3468 420.

683 3483 750 3536 cf.
793 3499 990 3536 comm.
1031 3483 1164 3536 Luc.
1201 3483 1254 3536 X
1291 3489 1396 3538 312
1433 3485 1492 3536 et
1529 3489 1652 3550 323,
1689 3485 1967 3552 mythogr.
2010 3481 2087 3536 III
2126 3489 2175 3548 6,
2212 3489 2247 3534 3
2456 3493 2459 3498 ·

829 3651 854 3696 1
899 3659 1224 3710 suspensum
1263 3661 1328 3698 ex
1355 3631 1654 3712 suspensus
1679 3641 1736 3696 R
1793 3659 2091 3714 suspensus
2122 3641 2233 3696 AS
2260 3645 2279 3712 ΙΙ
2304 3641 2441 3696 dicit
2470 3641 2533 3696 F
2552 3645 2571 3712 1}
2600 3641 2903 3696 disiderare
2930 3643 2995 3696 F
3016 3645 3035 3714 ΙΙ
3068 3649 3101 3696 2
3142 3643 3243 3698 ali-

687 3717 810 3782 quit
837 3715 888 3768 G
909 3717 928 3784 ΙΙ
955 3717 1074 3784 ore]
1117 3717 1176 3768 et
1203 3713 1436 3768 Ouidius
1473 3717 1576 3782 (ep.
1603 3715 1632 3766 I
1661 3715 1750 3778 30)
1789 3715 2065 3768 narrantis
2104 3715 2343 3768 coniunx
2382 3715 2591 3784 pendet
2628 3715 2699 3768 ab
2728 3731 2821 3768 ore
2848 3713 2959 3768 uiri
2986 3717 3115 3768 add.
3138 3717 3195 3768 D
3226 3713 3243 3784 ll

683 3793 714 3838 3
749 3805 954 3854 ansani:
987 3785 1076 3854 ΟΙΙ
1113 3791 1150 3838 4
1187 3789 1366 3840 omnis
1397 3783 1574 3840 Fac
1593 3785 1614 3852 ΙΙ
1641 3783 1812 3840 unde,
1835 3827 1848 3838 .
1871 3787 2157 3840 ‚domibus
2192 3801 2295 3840 om
2322 3785 2575 3838 ARSH
2592 3789 2615 3852 11
2640 3785 2809 3852 unde]
2850 3789 2907 3838 et
2940 3785 3055 3838 iam
3090 3787 3241 3838 unde

687 3857 762 3910 M
785 3857 804 3925 ΙΙ
841 3861 874 3910 5
915 3855 1230 3910 dominibus
1273 3855 1320 3908 0
1337 3858 1356 3924 ΙΙ
1395 3855 1578 3910 Iarbas
1617 3855 1736 3908 FG'
1765 3857 1782 3926 ΙΙ
1817 3861 1848 3906 6
1889 3873 1924 3908 a
1956 3855 2173 3908 laribus
2206 3857 2329 3910 hab.
2374 3855 2457 3923 011
2498 3855 2555 3908 di
2594 3855 2643 3910 0
2664 3857 2683 3922 ll
2710 3855 2809 3906 alii
2844 3855 2997 3924 sunt]
3038 3855 3241 3910 absunt

683 3927 748 3978 H
789 3929 808 3994 ΙΙ
851 3925 1012 3996 inde]
1049 3927 1196 3978 unde
1233 3927 1312 3978 M
1351 3929 1370 3996 ΙΙ
1421 3933 1448 3980 7
1487 3927 1860 3992 cenotaphion
1899 3927 1953 3978 R
2010 3927 2341 3980 cenotofium
2380 3927 2433 3978 A
2472 3925 2831 3992 (cenotafium
2870 3927 2925 3994 a)
2972 3931 2991 3990 ΙΙ
3036 3927 3241 3978 marito

681 4013 786 4050 om.
825 3997 972 4066 0118
1011 3995 1218 4050 troiani
1255 3997 1438 4050 adhuc
1475 3995 1594 4050 FG
1621 3998 1642 4064 ss
1669 3997 1864 4050 domus
1905 3997 2037 4050 GH
2056 3999 2071 4066 ss
2100 3997 2221 4066 aut]
2262 3999 2323 4052 ut
2358 3993 2539 4050 FGO
2560 3997 2577 4066 Η
2616 4001 2647 4050 9
2684 3995 2861 4050 refere
2902 3993 3023 4050 FG
3064 3997 3241 4050 refert

687 4067 732 4122 Ο
751 4069 774 4138 ΙΙ
801 4069 858 4122 id
897 4071 980 4122 est
1019 4083 1118 4122 om.
1163 4069 1236 4122 M
1257 4071 1280 4140 1}
1305 4069 1362 4122 in
1401 4083 1604 4136 aquam
1647 4065 1704 4120 F
1753 4065 1983 4134 inquam
2024 4067 2073 4122 G
2098 4069 2119 4134 ΙΙ
2150 4073 2215 4122 10
2256 4065 2431 4136 sepeli
2466 4067 2621 4138 eum]
2668 4067 2937 4136 sepelium
2974 4065 3045 4120 H
3064 4069 3081 4136 ΙΙ
3112 4083 3241 4122 eum

685 4155 750 4194 ex
789 4157 914 4194 eam
951 4139 1006 4194 R
1041 4141 1062 4210 ΙΙ
1103 4145 1170 4194 11
1209 4139 1420 4194 cercior·
1449 4139 1506 4192 A
1541 4141 1560 4208 Ι]
1607 4143 1674 4192 12
1711 4139 1842 4192 sede
1885 4139 1959 4192 Μ
1966 4161 1979 4192 :
2020 4139 2129 4206 fine
2166 4139 2365 4208 reliqui
2404 4139 2485 4206 (in
2522 4137 2575 4192 A
2616 4137 2747 4194 sede
2782 4155 3049 4206 superscr.
3088 4155 3237 4194 man.

627 4259 630 4264 .
681 4213 808 4282 rec.)
851 4213 870 4284 ΙΙ
923 4211 1202 4266 destinata
1229 4257 1242 4268 .
1265 4257 1278 4270 .
1303 4257 1314 4268 .
1343 4209 1528 4282 erum]
1565 4209 1788 4266 destina
1821 4209 1884 4264 Τ.
1923 4227 1973 4266 a.
2014 4211 2065 4266 d.
2104 4229 2179 4266 m.
2218 4227 2269 4266 e.
2308 4209 2355 4266 0
2386 4213 2405 4280 ΙΙ
2446 4211 2701 4266 manebit
2738 4209 2859 4264 FG
2896 4209 2917 4278 ΙΙ
2960 4227 3121 4264 erum
3156 4209 3237 4264 R:

681 4283 876 4338 herum
915 4285 1066 4338 HM
1113 4283 1318 4338 iterum
1355 4285 1466 4338 AS
1531 4299 1730 4336 aeuum
1769 4281 1892 4336 FG
1929 4285 1950 4350 ΙΙ
1996 4283 2267 4352 uergilius
2308 4281 2353 4338 Ο
2394 4286 2413 4353 ΙΙ
2460 4289 2527 4336 13
2564 4283 2715 4336 serat
2752 4281 2803 4336 G
2860 4287 3085 4338 seruant
3124 4283 3191 4336 H
3220 4281 3241 4354 ΙΙ

681 4371 884 4410 110111οη
925 4371 1160 4422 ossaque
1197 4355 1316 4410 FG
1341 4357 1358 4424 ΙΙ
1403 4359 1464 4408 15
1503 4353 1714 4408 recenti
1753 4355 2025 4408 cadauere
2060 4353 2117 4406 R
2154 4357 2171 4426 ΙΙ
2206 4359 2275 4408 17
2314 4353 2435 4424 diu]
2474 4353 2535 4406 di
2572 4353 2623 4406 (J
2644 4357 2663 4422 ΙΙ
2694 4353 2941 4406 tenebris
2978 4371 3047 4408 ex
3082 4355 3237 4408 tene-

681 4425 812 4480 bras
845 4425 906 4480 R
939 4429 958 4494 ΙΙ
991 4427 1116 4482 luce
1157 4425 1212 4478 R
1247 4429 1268 4494 ΙΙ
1303 4425 1554 4494 fugatam
1587 4425 1648 4478 R
1659 4425 1724 4478 H
1755 4427 1774 4494 ΙΙ
1809 4425 2143 4478 descendero
2180 4425 2235 4478 R
2272 4428 2291 4495 ΙΙ
2332 4431 2401 4478 18
2438 4425 2685 4476 animain
2722 4425 2791 4476 H
2804 4423 3145 4512 [pallantis
3178 4425 3235 4478 A

681 4497 922 4566 pallenti
957 4497 1090 4550 RH
1109 4499 1128 4566 ΙΙ
1159 4497 1302 4552 aduc
1335 4497 1456 4552 ΡΘ
1483 4499 1500 4566 [Ι
1533 4497 1642 4550 orti
1677 4497 1728 4548 A
1769 4501 1926 4564 (corr.
1966 4497 2025 4566 a)
2054 4495 2071 4566 Η
2116 4503 2181 4550 19
2216 4497 2377 4552 schol.
2418 4497 2491 4550 ad
2530 4513 2575 4550 v.
2610 4501 2709 4548 153
2750 4511 2847 4548 om.
2890 4495 2941 4548 G
2966 4497 2985 4564 Η
3014 4515 3239 4552 PIACVLA

685 4569 870 4638 svn-ro]
913 4571 976 4622 in
1011 4569 1098 4622 his
1131 4569 1336 4624 desinit
1373 4569 1680 4622 Cassellani
1711 4567 2001 4634 quaternio
2038 4567 2101 4620 Ιό
2130 4569 2215 4636 (cf.
2254 4569 2431 4636 praef.
2460 4585 2525 4636 p.
2554 4565 2831 4634 XLVIII);
2870 4569 3141 4620 secundus
3172 4569 3239 4620 in

681 4655 786 4708 quo
823 4641 1240 4694 commentarius
1279 4641 1366 4694 ad.
1407 4655 1454 4694 v.
1491 4643 1772 4692 153—359
1807 4641 2047 4704 scriptus
2080 4645 2199 4692 erat
2234 4641 2459 4692 interiit.
2490 4641 2511 4704 ΙΙ
2536 4655 2761 4690 macno
2794 4635 2851 4688 R
2890 4637 3049 4706 (corr.
3086 4655 3233 4692 man.

681 4713 804 4782 see.)
855 4731 1082 4764 Pucom
1107 4711 1180 4764 H
1197 4713 1216 4780 ΙΙ
1243 4717 1314 4764 20
1339 4715 1476 4764 nata
1503 4725 1602 4764 om.
1625 4707 1734 4762 AS
1761 4711 1782 4778 ΙΙ
1807 4707 2011 4780 morte]
2044 4725 2077 4764 a
2104 4713 2287 4764 morte
2314 4709 2377 4764 F
2400 4713 2417 4782 ΙΙ
2444 4715 2513 4762 22
2542 4723 2675 4776 apre
2704 4725 2897 4762 omnes
2914 4707 2971 4762 A
3002 4711 3159 4778 (corr.
3176 4711 3233 4780 a)

681 4779 700 4852 ΙΙ
733 4783 990 4838 auctores
1025 4783 1258 4836 idoneos
1287 4781 1408 4836 FG
1433 4783 1450 4854 ΙΙ
1477 4785 1548 4836 23
1583 4779 1806 4834 diuerse
1839 4777 1892 4832 Cr*
1917 4783 1936 4848 ΙΙ
1960 4783 2169 4836 scholia
2196 4783 2275 4836 ad
2298 4799 2457 4836 chos
2490 4797 2533 4834 S.
2560 4797 2609 4834 0.
2642 4799 2689 4832 B.
2718 4799 2757 4832 1.
2788 4801 2835 4836 v.
2866 4797 2917 4836 A.
2954 4787 3009 4836 et
3034 4801 3235 4836 1111111010

681 4941 730 4976 v.
771 4937 868 4978 om.
901 4923 954 4978 G
977 4925 994 4992 ΙΙ
1023 4883 1196 4978 Lucii}
1231 4901 1348 4978 sud
1383 4943 1568 4978 numm.
1605 4943 1648 4974 1.
1685 4941 1736 4976 u.
1781 4919 2011 4990 Aspicies
2048 4923 2101 4976 R
2158 4941 2317 4976 chos
2356 4939 2547 4974 srrcio
2586 4923 2827 4992 (smeios
2866 4925 2925 4994 α)
2958 4945 3025 4978 ΕΤ
3058 4941 3235 5000 iareim

681 5007 722 5046 e.
761 5007 810 5058 q.
847 5007 888 5046 8.
929 4993 984 5046 A
1039 5013 1200 5050 iivcos
1237 5003 1408 5048 s⁶1²1s1s
1443 5015 1508 5046 m·
1545 5013 1718 5048 assiu
1755 5011 1798 5046 e.
1833 5009 1884 5062 q.
1923 5009 1963 5046 s·
2004 4993 2049 5046 S
2106 5011 2275 5048 chos
2314 5013 2519 5046 szrifflos
2556 5013 2623 5046 m*
2660 5013 2833 5050 REGNA
2872 5013 2913 5050 e.
2950 5013 2999 5064 q.
3038 5013 3077 5050 ε.
3118 4995 3187 5048 H
3214 4991 3235 5064 ΙΙ

683 5065 750 5112 24
793 5061 978 5116 sineca
1015 5065 1078 5116 F
1127 5063 1308 5118 sinica
1341 5067 1412 5118 H
1429 5069 1446 5134 ΙΙ
1473 5065 1700 5118 scribsit
1735 5063 1800 5118 F
1817 5065 1836 5132 ss
1875 5063 1989 5118 situ
2026 5065 2175 5132 libri,
2208 5063 2323 5116 ritu
2356 5067 2523 5136 vulyo

787 5157 934 5196 servii
959 5171 1118 5202 comm.
1145 5161 1248 5202 Vol.
1277 5163 1340 5202 11.
1365 5161 1500 5202 Fano,
1527 5163 1566 5202 1.
2772 5163 2803 5212 3
