3900 5784
1273 619 1494 676 COMM.
1535 621 1614 676 IN
1653 621 1864 678 VERG.
1905 623 2071 678 AEN.
2116 623 2215 678 VII
2258 627 2551 678 751-776.
3054 623 3181 688 193

633 781 804 864 apud
853 779 1276 862 Amphrysum
1329 787 1626 850 armenta
1679 809 1938 870 pascere
1994 789 2341 854 divinitate
2404 787 2717 872 deposita.
2808 785 2919 850 sed
2978 783 3187 850 Diana

633 885 1088 974 Hippolytum,
1137 895 1506 958 revocatum
1553 895 1636 958 ab
1683 893 1932 980 inferiS,
1980 897 2049 960 in
2086 895 2309 962 Aricia
2344 895 2675 980 nymphae
2710 893 3187 960 commendavit

633 995 912 1082 Egeriae
951 999 1018 1060 et
1057 1017 1200 1060 eum
1229 997 1558 1086 virbium,
1605 1003 1794 1086 quasi
1829 1003 1930 1068 bis
1970 1005 2209 1090 virum,
2264 1003 2451 1068 iussit
2490 1003 2725 1068 vocari.
2800 1005 2981 1068 cuius
3020 1025 3187 1066 nunc

633 1103 840 1186 filium
889 1105 1338 1188 cognominem
1379 1109 1538 1174 dicit
1579 1111 1654 1174 in
1695 1111 1938 1174 bellum
1974 1113 2217 1178 venire:
2270 1109 2425 1174 adeo
2464 1111 2683 1174 omnia
2722 1111 2853 1174 ista
2892 1111 3189 1178 fabulosa

637 1213 806 1276 sunt.
895 1231 1050 1276 nam
1101 1235 1248 1278 cum
1313 1219 1530 1282 castus
1591 1215 1832 1296 ubique
1899 1219 2201 1282 inductus
2270 1215 2355 1278 sit
2414 1217 2479 1278 et
2536 1215 2647 1296 qui
2700 1237 2955 1298 semper
3016 1217 3185 1282 solus
3226 1231 3259 1278 5

633 1315 1056 1402 habitaverit,
1111 1317 1418 1386 habuisse
1471 1325 1692 1386 tamen
1749 1321 2017 1406 fingitur
2072 1323 2295 1386 filium.
2390 1343 2459 1384 re
2508 1343 2661 1384 vera
2706 1323 2949 1406 autem,
3008 1327 3079 1388 ut
3126 1327 3191 1388 et

531 1481 534 1484 .
637 1447 830 1510 supra
887 1423 1058 1510 <84>
1115 1429 1428 1514 diximus,
1483 1429 1752 1494 Virbius
1817 1431 1920 1492 est
1982 1449 2219 1492 numen
2286 1427 2705 1490 coniunctum
2772 1425 3051 1514 Dianae,
3118 1434 3189 1493 ut

639 1531 832 1598 matri
879 1531 1068 1598 deum
1115 1533 1320 1620 Attis,
1367 1535 1694 1600 Minervae
1743 1533 2239 1618 ErichthoniuS‚
2284 1529 2525 1596 Veneri
2568 1531 2843 1600 Adonis.

817 1639 960 1706 762.
1037 1663 1228 1720 QVEM
1275 1659 1516 1706 MATER
1557 1657 1794 1704 ARICIA
1839 1657 2031 1706 M1s1r
2080 1641 2311 1706 civitas
2358 1641 2541 1704 iuxta
2578 1639 2839 1704 Albam.
2914 1639 3187 1708 ‘mater’

639 1753 850 1812 autem
909 1751 1176 1832 propter
1219 1751 1584 1832 Augustum
1649 1747 1830 1832 dicit,
1893 1747 2003 1832 qui
2062 1747 2281 1812 fuerat
2332 1769 2413 1810 ex
2456 1747 2725 1810 Aricina
2780 1751 2989 1810 matre
3042 1771 3189 1832 pro·
3234 1765 3297 1812 10

639 1855 922 1940 genitus:
971 1877 1048 1918 ac
1093 1855 1152 1918 si
1197 1853 1458 1936 diceret,
1511 1875 1674 1938 quae
1719 1855 1890 1918 tanti
1935 1857 2161 1918 auctor
2206 1855 2307 1918 est
2356 1853 2647 1938 generis„

817 1961 962 2024 763.
1039 1977 1344 2026 EGERIAE
1403 1949 1602 2026 LVCIS
1659 1961 1944 2044 nympha
2002 1961 2069 2026 in
2116 1961 2383 2026 Aricino
2438 1981 2733 2044 nemore,
2788 1981 2985 2044 quam
3030 1961 3191 2026 ami-

637 2091 780 2134 cam
825 2089 1010 2132 suam
1051 2065 1270 2134 Numa
1311 2091 1452 2134 esse
1503 2069 1794 2152 fingebat
1839 2071 1920 2134 ad
1966 2069 2347 2134 firmandam
2396 2071 2617 2152 legum
2664 2091 2927 2134 suarum
2978 2071 3189 2136 aucto·

635 2179 914 2244 ritatem.

817 2283 960 2348 764.
1037 2299 1314 2350 PINGVIS
1371 2301 1490 2350 vm
1545 2303 1638 2350 ET
1691 2303 2105 2352 PLAOAmms
2162 2303 2301 2350 ΑΒΔ.
2356 2299 2625 2350 DIANAE
2682 2281 3013 2370 ‘pinguis'
3070 2283 3193 2346 fre·
3238 2299 3299 2348 15

639 2391 858 2478 quenti
919 2391 1228 2458 sacrificio
1239 2443 1258 2476 ,
1311 2391 1716 2476 ‘placabilis'
1769 2399 1985 2458 autem
2042 2415 2121 2458 ac
2164 2395 2219 2458 si
2268 2391 2533 2474 diceret,
2586 2413 2719 2456 non
2776 2393 2989 2476 qualis
3044 2395 3193 2454 ante

641 2501 790 2584 fuit,
825 2501 930 2562 vel
965 2499 1098 2562 illic
1141 2499 1242 2562 vel
1281 2499 1450 2582 apud
1491 2499 1766 2584 Tauros,
1809 2501 2095 2566 humano
2138 2499 2421 2584 gaudens
2460 2521 2713 2562 cruore:
2764 2519 2959 2582 quam
2998 2497 3193 2560 histo-

639 2607 804 2672 riam
849 2605 1042 2688 plene
1087 2605 1160 2668 in
1203 2605 1480 2668 secundo
1521 2607 1738 2692 <116>
1787 2607 2089 2692 diximus,
2140 2629 2283 2672 cum
2320 2605 2703 2690 Iphigeniae
2752 2605 2985 2668 incidit
3028 2627 3193 2668 com-

641 2713 1044 2780 memoratiO.

819 2821 962 2884 765.
1037 2837 1220 2884 ARTE
1267 2837 1650 2884 NOVEROAE
1709 2839 2091 2886 oocmERrr
2152 2823 2307 2886 bene
2368 2821 2503 2884 vim
2556 2819 2819 2884 sceleris
2878 2819 3195 2904 expressit
3236 2833 3301 2884 20

639 2933 780 2996 sola
823 2947 1136 2994 novercae
1181 2929 1806 3014 commemoratione.

819 3033 962 3098 769.
1039 3049 1368 3100 PAEONIIS
1405 3051 1830 3100 REVOCATVM
1871 3051 2125 3100 HERBIS
2164 3037 2277 3100 aut
2312 3031 2819 3118 medicinalibus,
2868 3057 2905 3100 a
2940 3033 3195 3100 Paeone

639 3143 888 3210 medico
951 3143 1248 3226 deorum,
1281 3143 1422 3226 ⁴qui
1487 3145 1704 3208 Paean
1771 3145 2119 3208 secundum
2178 3141 2451 3206 Doricos
2518 3141 2781 3226 dicitur,
2848 3145 3195 3208 secundum

641 3251 956 3316 rationem
1005 3249 1252 3314 Paeon:
1311 3253 1428 3314 aut
1479 3271 1548 3314 re
1603 3271 1758 3316 vera
1801 3251 2071 3316 herbam
2120 3249 2473 3314 Paeoniam
2530 3249 2715 3334 dicit,
2770 3251 2951 3314 cuius
3002 3247 3197 3314 Creta

639 3357 820 3424 ferax
869 3359 984 3422 est.
1161 3373 1254 3418 ΕΤ
1299 3373 1538 3424 AMORE
1585 3375 1850 3422 DIANAE
1899 3357 2143 3422 ‘amore
2156 3357 2193 3440 ⁹,
2242 3355 2305 3420 id
2356 3359 2453 3420 est
2500 3379 2665 3422 cura.
3236 3369 3299 3418 25

819 3463 964 3528 772.
1037 3481 1428 3528 MEDICINAE
1477 3481 1676 3530 TALIS
1725 3481 1814 3526 ΕΤ
1865 3479 2069 3528 ARTIS
2130 3483 2289 3548 quae
2350 3463 2545 3526 etiam
2606 3463 2743 3526 fata
2794 3463 3197 3528 dissolveret.

819 3571 964 3634 773.
1039 3587 1500 3636 POENIGENAM
1555 3571 1786 3636 matris
1841 3591 2053 3654 poena
2114 3569 2429 3656 genitum:
2488 3569 2601 3634 alii
2650 3567 3195 3652 ‘Phoebigenam⁹

641 3681 894 3768 legunt,
935 3681 1014 3742 ut
1053 3679 1322 3744 Probus·
1647 3691 1654 3694 “

819 3787 856 3850 7
867 3787 966 3850 75.
1041 3805 1368 3850 RELEGAT
1415 3787 1822 3850 commendat
1869 3787 1948 3850 ab
2002 3785 2145 3850 aliis
2194 3787 2629 3868 segregatum.
3142 3861 3145 3864 ⁴

823 3893 968 3956 776.
1043 3909 1258 3956 SOLVS
1303 3893 1374 3954 in
1419 3893 1572 3956 solis
1621 3893 1806 3956 locis:
1855 3913 2009 3956 nam
2048 3889 2291 3956 ‘solus'
2332 3893 2653 3976 quomodo
2692 3891 2803 3974 qui
2852 3891 3053 3956 filium
3106 3893 3199 3956 di·-
3238 3907 3303 3952 30

645 4003 810 4068 citur
869 3997 1270 4082 suscepisse?
1447 4015 1802 4064 IGNOBILIS
1861 4019 1993 4064 non
2042 3997 2223 4082 vilis,
2282 3997 2395 4060 sed
2448 3997 2741 4084 ignotus:
2804 4021 3199 4084 quamquam

817 4309 842 4356 1
885 4303 1116 4358 afrisum
1143 4299 1202 4354 F
1227 4301 1246 4370 ΙΙ
1273 4307 1302 4354 3
1335 4301 1590 4370 aegeriae
1621 4303 1752 4356 libri
1777 4305 2001 4370 praeter
2030 4299 2107 4354 M
2128 4302 2145 4370 {l
2172 4303 2233 4354 et
2260 4315 2387 4354 eum
2416 4339 2429 4354 .
2452 4341 2467 4354 .
2492 4341 2503 4354 .
2530 4299 2713 4354 filium
2740 4317 2839 4354 om.
2862 4299 2913 4354 L
2944 4301 3093 4368 (add.
3116 4303 3151 4366 l)
3180 4303 3199 4372 [Ι

645 4373 888 4432 uiruium
915 4373 976 4426 F
999 4375 1018 4445 ΙΙ
1041 4373 1130 4426 uis
1155 4371 1338 4424 uirum
1371 4373 1428 4424 F
1449 4372 1470 4440 ΙΙ
1499 4379 1530 4426 4
1569 4373 1898 4442 cognomine
1923 4371 2055 4424 LH
2078 4373 2097 4442 ΙΙ
2124 4373 2343 4426 uenisse
2374 4369 2433 4424 F
2456 4373 2475 4442 ΙΙ
2504 4379 2533 4426 6
2572 4373 2825 4442 fingitur]
2866 4369 3073 4426 dicitur
3100 4371 3153 4424 R
3182 4377 3197 4396 ²³

645 4447 858 4516 autem]
897 4447 1090 4514 itaque
1119 4445 1172 4498 R
1199 4445 1218 4514 ΙΙ
1267 4449 1296 4496 7
1333 4443 1556 4498 uerbius
1585 4445 1646 4498 F
1669 4447 1686 4514 ΙΙ
1725 4459 1924 4498 nomen
1966 4447 2049 4498 est
2088 4443 2133 4496 S
2184 4447 2271 4496 est
2304 4459 2511 4498 nomen
2546 4443 2645 4496 Hs
2680 4445 2701 4510 ss
2746 4449 2777 4496 8
2816 4441 2953 4498 attis
2990 4441 3197 4496 RLF:

647 4523 756 4576 atis
793 4517 948 4572 &Ml
1005 4517 1118 4572 acis
1155 4515 1216 4570 H
1245 4517 1262 4584 ΙΙ
1303 4513 1644 4570 ericthonius
1683 4515 1810 4570 LH
1817 4517 1894 4568 M
1947 4513 2245 4570 erictonius
2282 4513 2339 4568 R
2366 4517 2383 4586 11
2424 4515 2857 4584 ueneradonque
2892 4511 2955 4566 F
2988 4513 3199 4582 (ueneri

645 4589 840 4648 adonis
879 4591 930 4658 f)
961 4591 980 4660 [Ι
1021 4595 1084 4642 10
1125 4587 1266 4642 dixit
1299 4585 1346 4640 S
1359 4589 1430 4640 M
1455 4589 1472 4658 [Ι
1501 4587 1704 4658 matre]
1743 4585 1876 4640 Atia
1909 4587 2035 4642 add.
2078 4587 2137 4640 D
2160 4588 2181 4657 ΙΙ
2214 4593 2273 4640 11
2316 4603 2377 4640 es
2412 4585 2551 4640 SRl
2578 4589 2599 4654 ΙΙ
2636 4591 2701 4640 12
2742 4603 2889 4640 nvom
2932 4585 3025 4638 M:
3066 4605 3199 4640 cho

645 4663 842 4732 reliqui
871 4663 888 4732 ΙΙ
933 4667 1002 4714 17
1037 4663 1230 4714 tauros
1269 4657 1514 4714 SRMZ:
1551 4663 1848 4714 centauros
1883 4657 2017 4710 ΕΗ
2062 4657 2339 4714 tauricum
2380 4657 2439 4710 F
2472 4661 2491 4728 ΙΙ
2536 4663 2605 4712 18
2642 4657 2905 4726 diximus]
2946 4655 3199 4710 inuenies

647 4735 704 4788 F
729 4737 748 4806 ΙΙ
785 4739 854 4786 20
891 4731 1028 4800 vim]
1065 4733 1188 4786 iura
1225 4729 1294 4784 H
1311 4730 1332 4799 ΙΙ
1373 4735 1434 4784 21
1483 4729 1936 4786 commemoratio
1974 4729 2029 4782 R
2056 4731 2077 4800 ΙΙ
2116 4735 2183 4784 23
2224 4729 2431 4798 Paean]
2474 4725 2663 4782 Παιάν
2704 4727 3007 4780 Fabricius
3040 4733 3199 4792 recte,

645 4813 704 4860 ut
745 4805 956 4858 videtur
997 4805 1016 4872 ΙΙ
1061 4803 1280 4858 doricus
1317 4801 1366 4854 S
1401 4801 1638 4870 (doricos
1675 4801 1724 4868 3)
1769 4803 1786 4872 ΙΙ
1843 4805 1910 4852 24
1947 4797 2135 4854 Paeon
2170 4801 2369 4854 SFm:
2404 4815 2659 4868 peoneon
2698 4797 2755 4852 R
2806 4813 3025 4868 peneon
3062 4799 3205 4850 LM

645 4891 896 4946 paeneon
925 4875 1004 4930 H.
1041 4875 1110 4940 cf.
1133 4873 1206 4930 ad
1233 4873 1336 4924 XII
1357 4879 1458 4928 401
1489 4877 1510 4945 ΙΙ
1533 4891 1662 4926 crea
1689 4873 1746 4926 R
1797 4871 1920 4924 reta
1956 4869 2019 4924 F
2038 4873 2059 4940 ΙΙ
2098 4877 2165 4926 25
2204 4873 2351 4926 ferat
2376 4871 2437 4924 F
2460 4872 2481 4942 ΙΙ
2514 4875 2583 4924 27
2620 4887 2923 4924 remensum
2960 4869 3015 4924 R
3070 4885 3197 4920 Ano-

645 4963 884 5004 NIGENAM
917 4947 990 4998 H
1017 4945 1200 5000 relecto
1237 4945 1478 5000 initialis
1515 4945 1728 4998 litterae
1761 4941 1944 5010 spatio
2000 4951 2337 4996 momerium
2376 4941 2451 4994 M
2486 4943 2503 5012 ΙΙ
2542 4939 2643 4994 alii
2680 4957 2779 4996 om.
2824 4943 2897 4996 M
2928 4943 2951 5008 {l
2990 4939 3201 5008 febige-

645 5035 778 5076 nam
811 5015 868 5068 L
911 5015 1272 5140 lfaebiggnam
1309 5017 1380 5068 H
1423 5015 1796 5086 poebigenam
1837 5011 1896 5066 F
1935 5012 1959 5082 ΙΙ
2004 5019 2071 5068 28
2110 5015 2173 5068 ut
2208 5011 2419 5066 Probus
2458 5027 2555 5066 om.
2602 5011 2657 5066 F
2698 5015 2719 5084 ΙΙ
2762 5019 2833 5068 30
2870 5013 2927 5066 in
2966 5027 3065 5066 om.
3106 5011 3147 5066 S
3182 5011 3205 5080 ΙΙ

649 5091 780 5146 solis
815 5087 878 5140 in
933 5089 1050 5140 ocis

757 5187 902 5230 Servii
931 5197 1090 5226 comm.
1119 5187 1222 5226 Vol.
1251 5185 1312 5224 11.
1343 5185 1476 5224 Fasc.
1503 5185 1536 5224 Ι.
2710 5179 2771 5226 13
