3900 5784
1307 639 1540 694 OOMM.
1575 639 1654 694 IN
1695 637 1908 692 VERG.
1941 633 2115 690 AEN.
2154 633 2235 688 VI
2272 637 2569 688 534—545.
3144 629 3225 692 ’Π

665 809 806 888 net3
869 805 924 870 si
977 825 1092 886 per
1151 805 1432 886 noctem,
1489 803 1730 870 finitur.
1911 819 2193 868 FLENDO
2254 799 2539 886 proprie:
2602 819 2753 864 nam
2806 799 2875 860 et
2926 793 3229 860 lacrimae

671 915 736 974 et
783 911 1062 996 gemitus
1107 909 1382 972 fuerant.

847 1015 998 1080 540.
1069 1031 1316 1080 FINDIT
1359 1033 1432 1078 IN
1467 1033 1698 1082 AMBAS
1749 1017 2293 1104 compendiosius,
2344 1037 2537 1100 quam
2584 1017 2641 1080 si
2686 1013 2705 1042 ³
2724 1011 2913 1078 duas’
2964 1011 3229 1078 dicereti

669 1125 1046 1206 poteramus
1083 1121 1258 1184 enim
1295 1121 1490 1186 etiam
1529 1125 1794 1188 tertiam
1837 1147 2115 1208 sperare.
2188 1125 2285 1188 sic
2322 1121 2665 1188 Sallustius
2706 1123 2917 1188 inter
2966 1143 3231 1186 seeun—

669 1229 838 1290 dum
891 1231 1116 1312 atque
1165 1227 1516 1294 ultimum
1563 1231 1848 1294 bellum
1893 1229 2545 1314 Carthaginiense
2594 1251 2729 1294 non
2764 1229 2859 1294 ait
2898 1227 3229 1294 ‘tertium'.
3266 1239 3297 1288 5

815 1329 998 1398 542.
1069 1353 1230 1398 rrnn
1267 1353 1570 1402 ELYSIVM
1611 1337 1688 1402 ad
1719 1335 2051 1420 Elysium:
2088 1337 2167 1400 de
2206 1357 2331 1420 quo
2372 1337 2651 1400 diximus
2680 1359 2881 1422 supra
2908 1335 3013 1418 <V
3040 1337 3229 1422 735).

761 1457 1100 1506 MALORVM
1149 1443 1524 1528 impiorum,
1569 1449 1646 1508 ut
1689 1443 1764 1524 <I
1799 1443 1975 1524 352>
2026 1443 2269 1506 multa
2310 1443 2559 1506 malus
2612 1443 2989 1508 simulans
3034 1467 3235 1510 vana

667 1567 792 1628 spe
837 1547 1026 1612 lusit
1065 1553 1446 1614 amantem.

851 1653 1002 1718 543.
1071 1671 1268 1718 IMPIA
1313 1671 1638 1720 TARTARA
1681 1655 1796 1720 ubi
1839 1655 2195 1740 puniuntur
2242 1655 2443 1738 impii.

849 1759 999 1825 544.
1071 1779 1164 1824 NE
1201 1777 1406 1824 SAEVI
1449 1781 1530 1824 ne
1579 1761 1884 1826 irascere:
1929 1761 2269 1826 Terentius
2314 1783 2407 1824 ne
2454 1761 2669 1826 saevi
2714 1765 2935 1826 tanto
2980 1783 3231 1844 opere.
3270 1777 3335 1824 10

675 1869 738 1930 et
773 1867 1050 1950 'antique
1097 1855 1338 1932 dictum
1391 1869 1512 1932 est:
1557 1889 1710 1932 nam
1757 1889 1930 1932 nunc
1978 1867 2079 1932 ‘ne
2122 1867 2395 1932 saevias’
2440 1867 2743 1954 dicimus,
2786 1891 2905 1934 nec
2950 1869 3231 1952 impera—

669 1973 874 2038 tivum
923 1973 1256 2058 iungimus
1303 1973 1602 2040 adverbio
1653 1975 2055 2058 imperantis.

845 2077 996 2144 545.
1065 2097 1394 2144 EXPLEBO
1437 2097 1788 2148 NVMERVM
1841 2091 1916 2148 ut
1972 2081 2249 2148 diximus
2294 2103 2519 2168 supra,
2580 2081 2599 2110 ²
2618 2081 2919 2168 explebo'
2970 2085 3069 2148 est
3118 2083 3233 2146 1111-

671 2209 894 2250 nuam:
967 2207 1116 2250 nam
1197 2187 1294 2248 ait
1353 2185 1602 2250 Ennius
1683 2187 2017 2254 navibus
2092 2187 2515 2272 explebant
2584 2211 2753 2252 sese
2820 2193 3235 2272 terrasque

673 2293 1114 2376 replebant,
1153 2313 1342 2376 quem
1371 2293 1578 2376 Caper
1619 2281 1878 2360 secutus
1915 2319 2059 2360 cum
2100 2295 2177 2358 de
2216 2295 2697 2380 praepositione
2740 2293 2863 2360 ‘ex'
2900 2297 3237 2380 tractaret,
3276 2305 3341 2354 15

673 2399 798 2464 hoc
841 2398 1204 2484 exemplum
1253 2399 1492 2482 posuit.
1569 2423 1794 2468 sensus
1845 2423 2003 2486 ergo
2050 2405 2175 2466 est:
2224 2403 2515 2466 minuam
2560 2405 2851 2466 vestrum
2896 2423 3237 2468 numerum

675 2509 738 2568 et
777 2507 1008 2572 reddar
1043 2505 1344 2570 tenebris.
1411 2529 1560 2570 116111
1599 2507 1770 2572 eirea
1801 2493 2063 2572 Aenean
2102 2513 2167 2572 et
2196 2505 2525 2592 Sibyllam
2554 2507 2797 2592 aliquid
2836 2507 3001 2572 lueis
3038 2509 3239 2574 fuisse

673 2613 1140 2700 intellegimuS,
1197 2613 1434 2698 quippe
1493 2615 1662 2678 eirca
1703 2615 1916 2678 vivos:
1980 2615 2149 2678 unde
2192 2613 2391 2700 paulo
2434 2617 2589 2698 post
2638 2613 2857 2700 <548>
2904 2615 3239 2698 respicit

673 2721 972 2784 Aeneas
1035 2721 1298 2784 subito
1351 2721 1418 2784 et
1461 2721 1728 2804 reliqua.
1821 2721 1938 2784 alii
1986 2721 2301 2806 ‘explebo'
2350 2721 2521 2784 male
2564 2723 2801 2806 putant
2846 2719 3237 2806 ‘complebo'

675 2849 840 2912 esse,
889 2827 1262 2892 umbrarum
1301 2825 1550 2892 scilicet
1587 2849 1628 2892 a
1665 2827 1898 2910 quibus
1935 2827 2319 2892 discesserat
2356 2849 2711 2894 numerum.
2788 2827 2901 2892 alii
2938 2827 3237 2912 ‘explebo
3274 2841 3343 2888 20

673 2933 1036 2998 numerum'
1083 2933 1306 3000 dicunt
1353 2955 1494 2996 esse
1539 2935 1764 3000 finiam
1809 2937 2065 3018 tempus
2116 2937 2429 3000 statutum
2476 2935 2853 3018 purgationi
2890 2937 2953 2998 et
2992 2937 3059 3000 in
3102 2957 3237 3000 eor-

675 3063 796 3126 pus
837 3063 1194 3126 recurram,
1243 3045 1314 3106 ut
1359 3039 1486 3106 hoc
1527 3041 1610 3106 sit
1649 3041 2029 3126 ‘reddarque
2066 3041 2377 3108 tenebris’
2406 3081 2489 3088 ——
2518 3065 2671 3108 nam
2710 3041 2989 3126 legimus
3016 3041 3099 3124 <7
3106 3041 3237 3126 34>

673 3147 984 3210 clausae
1041 3147 1392 3212 tenebris
1447 3153 1524 3212 et
1575 3171 1890 3214 carcere
1941 3171 2173 3214 caeeo
2224 3185 2305 3194 ——
2354 3153 2425 3212 ut
2486 3149 2571 3214 sit
2632 3171 2881 3214 sensus:
2940 3149 3239 3214 irasceris

675 3255 840 3318 mihi
879 3255 1064 3338 quasi
1109 3255 1332 3336 homo>
1387 3275 1600 3320 nonne
1641 3261 1702 3322 et
1741 3275 1864 3340 ego
1903 3257 2097 3320 homo
2138 3255 2395 3320 futurus
2432 3255 2623 3320 suin?
2670 3255 2783 3318 alii
2830 3255 3073 3320 dicunt:
3128 3279 3241 3318 6111·

565 3405 572 3414 -
673 3359 1018 3426 irasceris?
1061 3361 1132 3424 in
1175 3361 1332 3426 loeis
1381 3361 1482 3424 his
1533 3385 1702 3448 sum,
1751 3363 2059 3448 quamdiu
2094 3363 2273 3428 vitae
2316 3385 2431 3446 per
2468 3363 2603 3426 vim
2644 3365 2903 3444 ereptae
2940 3363 3239 3444 expleam
3274 3371 3343 3420 25

675 3469 956 3550 tempus,
993 3471 1148 3550 post
1183 3465 1534 3554 ‘tenebris’,
1577 3469 1648 3534 id
1683 3473 1786 3534 est
1821 3471 1983 3534 meis
2026 3469 2309 3554 sedibus,
2356 3469 2605 3534 reddar.
2670 3469 2785 3532 sed
2816 3467 2981 3532 haec
3020 3467 3241 3540 omnia

679 3593 966 3658 congrua
1013 3573 1158 3638 1060
1201 3597 1330 3640 11011
1383 3597 1524 3642 esse
1569 3577 1989 3642 manifestum
2028 3579 2155 3642 est:
2200 3599 2331 3642 non
2372 3575 2543 3640 enim
2588 3575 2969 3660 intellegere
3016 3595 3241 3658 possu-

819 3791 852 3838 4
893 3783 1212 3854 Sallustius]
1259 3783 1392 3838 hist.
1429 3785 1628 3856 fragm.
1667 3787 1690 3838 1
1727 3791 1764 3840 8
1801 3801 1890 3854 ap.
1927 3785 2197 3852 Dietsch.‚
2236 3785 2265 3838 I
2300 3791 2331 3840 9
2384 3801 2469 3854 ap.
2510 3783 2681 3840 Kritz.
2740 3786 2761 3855 ΙΙ
2818 3789 2885 3836 10
2920 3783 3239 3854 Terentius]

679 3857 848 3908 Andr.
883 3857 930 3908 V
955 3861 1008 3920 2,
1039 3861 1104 3908 27
1135 3859 1154 3926 ΙΙ
1193 3861 1264 3908 13
1299 3855 1536 3924 explebo
1575 3859 1662 3910 est
1693 3855 1969 3924 minuam]
2012 3855 2077 3908 cf.
2118 3857 2261 3914 Don..
2300 3857 2375 3908 ad
2410 3857 2537 3910 Ter.
2574 3855 2695 3912 1166.
2734 3855 2785 3910 V
2814 3861 2863 3920 1,
2894 3859 2959 3906 28
3004 3855 3059 3908 et
3094 3855 3241 3908 Non.

587 3997 592 4000 Ι
677 3945 730 3996 p.
773 3931 894 3994 298,
935 3933 998 3978 12
1037 3929 1056 3996 ΙΙ
1095 3931 1164 3978 14
1199 3925 1436 3996 Ennius]
1475 3941 1602 3980 ann.
1643 3945 1692 3982 v.
1731 3933 1836 3982 310
1877 3943 1965 3996 ap.
2006 3927 2169 3982 Vahl.
2264 3951 2269 3956 ·

821 4125 854 4174 2
893 4119 1118 4176 fuerant
1183 4121 1530 4190 deplorantis
1563 4121 1922 4190 Deiphobum
1960 4121 2085 4176 add.
2128 4119 2187 4174 D
2212 4123 2233 4192 ΙΙ
2276 4127 2309 4176 4
2346 4119 2497 4174 enim
2536 4137 2637 4176 ona.
2674 4119 2797 4174 FG-
2820 4121 2841 4188 ΙΙ
2884 4125 2915 4174 5
2952 4119 3239 4188 ultimum]

625 4231 628 4234 ψ
679 4195 1026 4262 postremum
1125 4235 1138 4248 .
1191 4193 1264 4260 cf.
1293 4191 1508 4248 Kritzii
1541 4199 1590 4250 et
1627 4193 1900 4248 Dietschii
1933 4193 2329 4248 adnotationes.
2390 4193 2623 4260 fortasse
2656 4209 2725 4248 ex
2762 4191 3077 4262 Auyustino
3118 4191 3239 4246 Ser-

679 4267 828 4320 vium
855 4265 1130 4332 plenioris
1167 4265 1542 4320 commentarii
1575 4269 1772 4320 auctor
1805 4267 2057 4320 correxit.
2108 4269 2129 4336 ΙΙ
2182 4265 2569 4332 cartaginense
2610 4265 2661 4316 A
2698 4263 3145 4332 (cartaginenses
3180 4265 3241 4332 a)

681 4335 1120 4406 cartaginiennes
1167 4335 1210 4392 S
1275 4335 1682 4406 certaginiense
1727 4337 1790 4388 Η
1853 4337 2283 4404 carthaginense
2332 4335 2411 4390 M
2466 4333 2857 4404 carthagiense
2902 4335 2961 4388 F
3022 4335 3241 4388 cartha·

681 4407 932 4476 giniense
959 4423 1020 4462 se
1053 4405 1098 4460 Ο
1119 4409 1140 4478 ΙΙ
1165 4409 1302 4478 11011]
1341 4425 1472 4462 nam
1501 4409 1556 4462 R
1581 4409 1600 4476 ΙΙ
1633 4415 1662 4462 6
1691 4427 1955 4464 rnnrswu
1984 4409 2033 4462 0
2054 4411 2071 4480 ΙΙ
2100 4425 2271 4476 supra
2298 4407 2537 4462 diximus
2564 4407 2627 4458 F
2636 4407 2679 4460 0
2700 4409 2719 4476 ΙΙ
2752 4413 2781 4458 ’1
2808 4405 3111 4474 imperium
3140 4405 3199 4458 F
3222 4405 3241 4476 Η

679 4479 856 4534 1116166
899 4479 990 4548 01}
1031 4483 1094 4534 10
1133 4497 1234 4548 nnn
1279 4477 1326 4532 C‘
1343 4481 1364 4548 [Ι
1407 4481 1698 4548 tantopere
1735 4477 1794 4530 R
1803 4479 1866 4530 H
1875 4481 1950 4532 M
1956 4479 2021 4532 F
2042 4481 2059 4548 ΙΙ
2104 4485 2167 4534 12
2206 4479 2561 4548 imperantis}
2604 4475 2767 4546 quasi
2800 4479 3069 4544 negantes
3110 4475 3239 4530 add.

681 4551 766 4616 M,
801 4565 908 4604 1166
943 4551 1134 4604 autem
1173 4551 1230 4604 et
1269 4567 1378 4604 non
1415 4551 1676 4620 negantis
1713 4549 1844 4604 add*
1881 4551 1938 4604 D
1966 4553 1987 4622 ΙΙ
2020 4557 2081 4604 13
2122 4553 2185 4604 ut
2224 4567 2393 4620 supra
2426 4551 2665 4604 diximus
2706 4547 2779 4600 M
2832 4559 3005 4616 supra
3038 4563 3139 4600 om.
3178 4545 3235 4600 S.

681 4627 912 4676 ceteram
945 4619 1170 4676 Servins
1205 4621 1272 4674 in
1305 4623 1582 4690 superiore
1619 4623 2003 4676 commentario
2038 4623 2179 4676 nihil
2214 4625 2281 4676 de
2314 4623 2419 4674 hae
2452 4639 2515 4674 ‘re
2548 4621 2713 4674 dia-it.
2756 4619 2775 4686 ΙΙ
2818 4617 2927 4686 est]
2968 4635 3117 4668 nunc
3154 4619 3241 4670 est

681 4693 792 4746 AS
815 4693 834 4762 11
865 4697 934 4746 14
969 4689 1116 4762 sese]
1157 4695 1224 4746 ’δὸ
1263 4695 1350 4760 (=
1383 4695 1510 4756 esse)
1547 4693 1608 4746 F
1631 4695 1652 4764 11
1679 4695 1744 4744 15
1783 4693 2027 4758 replebit
2062 4691 2111 4746 Ο
2132 4695 2151 4762 ss
2178 4693 2347 4760 caper
2378 4693 2441 4746 H
2462 4693 2483 4760 11
2512 4687 2787 4758 positione
2812 4687 2871 4740 R
2896 4689 2915 4757 ΙΙ
2944 4691 3013 4740 16
3048 4705 3241 4740 sensus

683 4767 772 4818 est
809 4779 940 4834 ergo
975 4761 1026 4818 S
1047 4765 1064 4834 ΙΙ
1101 4761 1350 4818 minuum
1389 4763 1448 4816 F
1499 4767 1788 4818 muniuam
1827 4761 1914 4830 011
1947 4763 2197 4818 uestram
2236 4763 2293 4816 R
2316 4763 2335 4830 ΙΙ
2382 4767 2443 4814 19
2486 4763 2543 4814 et
2576 4757 2815 4828 reliqua]
2860 4761 2917 4812 et
2954 4763 3143 4812 cetera
3178 4755 3241 4822 0,

681 4851 784 4890 om.
821 4833 966 4888 FM
1011 4837 1032 4904 ΙΙ
1075 4839 1146 4886 20
1183 4835 1324 4902 esse]
1365 4851 1554 4890 earum
1591 4835 1656 4888 F
1701 4851 1896 4886 eurum
1937 4833 1987 4886 Ο
2038 4833 2101 4888 ei·
2140 4835 2207 4888 H
2246 4837 2267 4902 11
2308 4839 2377 4884 21
2416 4831 2607 4884 finiam
2644 4831 2887 4898 tempus]
2924 4829 3155 4884 finiant&
3196 4827 3247 4882 0

683 4929 932 4996 finiamte
967 4941 1188 5010 tempus
1221 4941 1288 4992 H
1329 4939 1552 4994 finitum
1587 4941 1808 5006 tempus
1839 4937 2155 5006 Stephanus
2178 4941 2197 5008 ΙΙ
2224 4945 2295 4992 24
2330 4917 2515 4990 nonne
2546 4933 2593 4988 Ο
2616 4939 2637 5004 ΙΙ
2662 4939 2719 4990 et
2756 4953 2851 4988 om.
2886 4935 2945 4988 F
2954 4935 3043 5004 011
3066 4935 3241 5014 homo

773 5055 784 5066 .
809 5013 870 5064 H
893 5015 912 5082 ΙΙ
941 5029 1062 5064 sum
1097 5009 1318 5064 futurus
1345 5011 1402 5064 Α
1439 5009 1804 5080 (transposuit
1829 5013 1888 5070 a)
1915 5009 1932 5077 ΙΙ
1960 5013 2031 5062 25
2064 5009 2243 5076 vitae]
2282 5007 2499 5060 unitate
2530 5007 2597 5060 H
2616 5009 2635 5076 ΙΙ
2662 5007 2911 5076 ereptae]
2948 5003 3241 5074 purgatio·

685 5081 772 5136 nis
799 5083 926 5136 adel.
949 5083 1026 5134 M
1047 5083 1068 5152 ΙΙ
1093 5085 1164 5136 26
1191 5081 1248 5134 id
1283 5085 1366 5136 est
1395 5079 1556 5152 meis]
1585 5079 1728 5136 ineis
1751 5077 1836 5148 011
1865 5085 1932 5132 27
1954 5095 2203 5148 congrua
2232 5079 2359 5130 1060
2388 5077 2747 5132 manifestum
2776 5079 2863 5130 est
2888 5091 3001 5128 non
3028 5089 3145 5128 esse
3166 5071 3243 5124 M
