3900 5784
1283 647 1510 704 COMM.
1549 645 1628 708 ΙΝ,
1665 645 1878 702 VERG.
1921 643 2087 700 AEN.
2126 643 2227 700 VH
2268 653 2565 706 739—-75o
3062 641 3185 710 191

625 817 906 898 aliosque
949 813 1242 898 faqientes
1273 815 1648 878 Moeranum
1697 813 1888 878 abisse
1935 815 1991 878 el
2036 813 2169 878 eins
2210 813 2431 878 ineolis
2470 827 2537 880 se
2578 815 2885 882 iunxisse:
2934 815 2987 878 ei
3032 809 3195 894 qnod

633 923 982 988 inbelliores
1021 923 1264 1002 fuerint
1297 919 1628 986 Abellanos
1675 923 1876 986 dictos.
3170 945 3173 948 ⁴

743 1061 748 1066 ·
813 1031 958 1094 741.
1033 1043 1326 1094 CATEIAS
1381 1031 1512 1094 tela
1571 1029 1844 1094 Gallica:
1915 1029 2081 1094 unde
2138 1033 2205 1094 et
2258 1029 2681 1094 Teutonicum
2744 1031 2945 1094 ritum
3012 1025 3187 1092 dixit.

631 1137 890 1200 cateiam
949 1137 1202 1216 quidam
1253 1139 1540 1198 asserant
1591 1137 1696 1200 teli
1741 1157 1938 1216 ⁸aenas
1990 1157 2113 1202 esse
2172 1135 2291 1198 lale
2344 1135 2527 1214 quale
2580 1139 2819 1218 aclydes
2880 1141 3053 1212 sunt,
3114 1153 3191 1196 ea·

629 1243 892 1306 materia
931 1261 1116 1322 quam
1153 1241 1426 1304 maxime
1461 1241 1650 1324 lenta,
1699 1241 1934 1306 cubitus
1968 1241 2369 1322 lonyitucline,
2422 1243 2549 1302 tota
2584 1239 2713 1318 fere
2750 1241 2939 1306 clavis
2968 1241 3189 1322 ferreis
3224 1253 3259 1300 5

625 1349 898 1432 illiqata,
967 1367 1120 1430 quas
1189 1349 1256 1412 in
1319 1349 1546 1414 hostem
1619 1347 1961 1412 iaculantes
2036 1347 2237 1424 lineiS,
2312 1343 2533 1426 quibas
2588 1365 2693 1410 eas
2750 1347 3189 1424 adnexueranl‚

625 1457 964 1536 reciprocas
1003 1457 1332 1536 faciebant.
1503 1479 1744 1520 cumas
1789 1455 1858 1518 icl
1901 1457 1987 1518 est
2032 1453 2261 1518 hastae.
2340 1451 2571 1516 cateiae
2614 1453 2829 1532 linqua
2870 1451 3191 1518 Theotisca

629 1561 844 1628 hastae
885 1563 1198 1628 dieantur.

811 1669 954 1734 742.
1029 1685 1300 1734 RAPTvs
1345 1685 1442 1730 DE
1485 1683 1750 1732 SVBERE
1795 1683 2077 1732 GORTEX
2120 1667 2289 1730 bene
2334 1663 2645 1748 ‘raptus',
2690 1665 2755 1730 id
2804 1669 2903 1730 est
2948 1667 3187 1748 raptim

627 1777 948 1858 sublatus,
993 1775 1148 1858 quia
1195 1795 1418 1838 reeens
1465 1773 1714 1838 suberis
1765 1777 1985 1838 cortex
2032 1775 2097 1838 in
2148 1771 2441 1856 quamvis
2486 1771 2767 1838 formam
2810 1775 2953 1836 tota
2990 1773 3187 1836 flecti·
3226 1787 3295 1834 10

625 1887 734 1946 tur
781 1883 1114 1946 facilitate.

811 1989 956 2052 744.
1031 2003 1408 2054 MONTOSAE
1457 2003 1726 2052 NERsAE
1777 1987 2007 2052 civitas
2054 1987 2121 2050 in
2172 1985 2501 2054 montibus
2548 1987 2783 2072 posita.
3208 2075 3213 2078 Ι

809 2095 956 2158 745.
1033 2111 1366 2160 INSIGNEM
1395 2111 1584 2158 FAMA
1619 2095 1788 2158 bene
1825 2093 2067 2180 ‘fama’,
2114 2095 2267 2180 quia
2306 2093 2657 2178 occidetur,
2698 2097 2777 2158 ut
2812 2093 2981 2176 <XII
3012 2093 3185 2176 460>

533 2243 536 2246 -
625 2201 1144 2284 erntemque
1193 2199 1428 2286 Gyas,
1471 2201 1684 2266 cadit
1727 2185 1806 2266 et
1853 2201 2311 2268 Tolumnius
2358 2223 2617 2288 augur.

809 2309 954 2374 746.
1027 2327 1344 2372 HORRIDA
1393 2327 1786 2374 PRAECIPVE
1831 2327 1948 2374 CVI
1996 2327 2177 2376 GENS
2222 2309 2651 2394 Aequiculam
2704 2313 2963 2390 gentem
3014 2309 3185 2388 dicit,
3226 2321 3291 2366 15

607 2421 696 2502 ,et
739 2439 992 2480 morum
1043 2419 1106 2480 et
1153 2417 1326 2480 vitae
1375 2417 1690 2500 qualitate
1733 2417 2141 2498 praeduram.
2216 2437 2371 2480 sane
2418 2415 2591 2480 aliud
2638 2417 2875 2498 pendet
2914 2439 2987 2480 ex
3026 2417 3183 2480 alio:

623 2525 772 2588 ideo
811 2525 994 2588 erant
1041 2523 1306 2606 horridi,
1351 2523 1504 2606 quia
1543 2523 1973 2606 venabantur3
2024 2523 2165 2588 ideo
2202 2525 2625 2606 venabantur,
2664 2523 2815 2606 quia
2850 2523 3185 2588 habebant

625 2633 820 2696 duras
865 2629 1114 2714 glebas»,
1165 2629 1228 2692 id
1267 2633 1366 2694 est
1405 2629 1750 2694 infertiles:
1797 2651 1946 2694 nam
1988 2629 2211 2694 molles
2262 2629 2507 2692 feraces
2546 2633 2725 2712 sunt,
2774 2631 2843 2690 ut
2898 2629 2963 2692 in
3002 2649 3185 2714 geor-

625 2737 792 2822 gicis
839 2737 1032 2802 docet
1077 2735 1188 2820 <II
1233 2735 1414 2818 204>
1459 2739 1540 2800 et
1581 2737 1702 2800 cui
1751 2739 1973 2820 putre
2028 2735 2301 2820 solum,
2354 2757 2681 2818 namque
2738 2735 2881 2800 hoc
2924 2735 3183 2800 imita-

625 2867 792 2906 mur
835 2845 1144 2908 arandO.
1873 2911 1878 2916 ,
3224 2853 3291 2900 20

807 2951 950 3014 750.
1027 2969 1196 3028 QVIN
1255 2967 1342 3012 ET
1401 2965 1766 3012 MARRVBIA
1817 2967 2037 3014 VENIT
2090 2965 2185 3010 DE
2246 2963 2481 3014 GENTE
2544 2965 2899 3014 SAOERDOS
2958 2947 3185 3012 Medea

625 3059 880 3142 quando
929 3059 1170 3122 relictis
1215 3053 1474 3122 Colchis
1523 3055 1818 3120 Iasonem
1871 3059 2087 3120 secuta
2148 3059 2273 3138 est,
2326 3055 2561 3118 dicitur
2610 3055 2685 3120 ad
2734 3055 2997 3120 Italiam
3042 3077 3181 3140 per-

627 3165 910 3248 venisse,
963 3169 1032 3230 et
1083 3163 1360 3248 populos
1419 3161 1728 3248 quosdam
1787 3161 1955 3226 circa
2002 3161 2315 3226 Fucinum
2364 3161 2693 3244 ingentem
2740 3163 2955 3226 lacum
3002 3161 3185 3226 habi·

625 3275 838 3334 tantes
853 3323 874 3354 ,
947 3269 1060 3354 qui
1123 3269 1440 3334 Marrubii
1507 3269 2007 3352 appellabantur
2070 3269 2255 3350 quasi
2318 3269 2489 3332 circa
2552 3291 2729 3332 mare
2792 3269 3183 3352 habitanteS,

625 3381 892 3462 propter
951 3377 1208 3460 paludis
1277 3357 1820 3462 magnitudinem,
1897 3375 2117 3440 docuit
2176 3375 2465 3440 remedia
2530 3379 2759 3440 contra
2820 3379 3179 3460 serpentes:
3224 3385 3291 3434 25

627 3505 1018 3568 quamquam
1081 3485 1194 3550 alii
1257 3483 1626 3562 Marrubios
1689 3507 1730 3548 a
1767 3503 1942 3568 ⁴rege
2014 3481 2215 3546 dictos
2282 3483 2509 3548 velint.
2600 3485 2669 3548 hi
2738 3505 2895 3570 ergo
2958 3483 3181 3566 populi

625 3591 922 3656 Medeam
965 3591 1304 3674 Angitiam
1357 3591 1858 3656 nominaverunt
1917 3589 2001 3652 ab
2056 3611 2135 3654 eo
2188 3591 2359 3672 quod
2414 3591 2549 3692 eius
2610 3591 2999 3656 carminibus
3054 3611 3179 3654 ser-

769 3809 800 3856 3
835 3801 952 3854 tela
991 3799 1208 3856 Gallica
1249 3817 1294 3854 e.
1333 3817 1388 3868 q.
1427 3801 1496 3872 s.]
1537 3799 1604 3852 cf.
1645 3797 1774 3854 Isid.
1813 3815 1892 3854 or.
1927 3797 2113 3854 XVIII
2150 3803 2197 3866 7,
2240 3805 2271 3854 7
2310 3799 2329 3868 11
2378 3805 2441 3854 21
2486 3797 2681 3854 Medea
2720 3815 2767 3854 e.
2806 3815 2861 3866 q.
2900 3799 2969 3870 8.]
3010 3815 3179 3854 exscr.

625 3873 904 3942 mythogr.
931 3871 982 3926 ΙΙ
1015 3879 1114 3926 136
1147 3873 1282 3926 extr.
1329 3871 1402 3926 of.
1429 3871 1570 3924 Plin.
1611 3873 1724 3924 nat.
1765 3871 1894 3926 hist.
1921 3869 2027 3924 VII
2056 3875 2087 3932 ξ
2122 3875 2201 3936 15,
2232 3869 2387 3926 XXV
2414 3875 2443 3934 ξ
2480 3875 2555 3936 11,
2600 3869 2741 3926 Gell.
2772 3869 2901 3922 XVI
2930 3875 3015 3938 11,
3046 3877 3073 3922 1
3100 3887 3177 3938 sq.

625 4003 714 4010 .-.--.——

773 4073 798 4120 1
837 4065 1024 4120 abisse
1059 4067 1144 4138 et]
1177 4069 1362 4136 primo
1399 4067 1530 4122 haee
1561 4067 1858 4136 scripserat
1893 4067 2159 4134 interpres
2202 4065 2535 4120 Turonensis
2570 4067 2743 4122 fuisse
2780 4069 2839 4120 et
2876 4081 3023 4136 eam,
3044 4103 3049 4110 -
3068 4073 3183 4120 tam

625 4139 796 4194 fuisse
831 4145 886 4192 et
919 4153 1044 4190 eam
1079 4139 1412 4192 oblitteravit
1445 4145 1498 4192 et
1533 4137 1712 4192 abisse
1743 4155 1912 4208 snpra
1937 4139 2113 4192 fuisse
2140 4139 2363 4206 scripsit
2388 4139 2407 4206 ΙΙ
2434 4155 2495 4192 se
2528 4137 2771 4190 iunxisse
2804 4139 2879 4190 T:
2916 4137 3179 4192 struxisse

625 4205 832 4262 Daniel
889 4209 1144 4264 serviisse
1183 4209 1542 4262 Commelinns
1597 4213 1656 4262 et
1689 4209 1808 4262 eius
1847 4211 2061 4262 incolas
2108 4209 2373 4262 struxisse
2408 4209 2657 4262 Moeram
2684 4211 2975 4262 Danielem
3004 4209 3179 4262 Hein-
3236 4217 3243 4222 ’

623 4283 768 4334 sium
805 4283 1088 4334 coniecisse
1117 4281 1482 4334 Burmannus
1517 4283 1678 4346 refert
1707 4283 1726 4352 ΙΙ
1757 4287 1786 4334 3
1821 4278 2111 4334 teutonico
2150 4279 2261 4332 ritu
2282 4279 2339 4334 R
2374 4281 2391 4350 ΙΙ
2418 4287 2451 4334 4
2492 4279 2727 4346 cateiam
2760 4321 2771 4334 .
2800 4321 2813 4334 .
2848 4325 2861 4336 .
2898 4279 3183 4334 faciebant

621 4369 790 4420 mare.
823 4351 888 4406 T.
943 4351 1006 4406 id
1041 4353 1128 4406 est
1163 4351 1358 4406 hastas
1399 4397 1408 4410 .
1439 4397 1450 4408 .
1489 4397 1498 4408 .
1537 4353 1798 4408 dicuntur
1833 4353 1985 4406 alins
2020 4353 2285 4418 interpres
2320 4367 2475 4420 supr.
2504 4369 2639 4408 vers.
2678 4355 2753 4406 acl
2792 4351 3039 4406 ‘cateias’
3084 4353 3179 4406 ad-

625 4425 844 4490 scripsit
875 4425 892 4494 ΙΙ
919 4427 950 4476 5
981 4429 1112 4492 post
1139 4423 1290 4478 lenta
1319 4425 1576 4478 lacunam
1603 4425 1876 4480 indicavit
1903 4425 2113 4478 Daniel
2138 4425 2155 4496 ΙΙ
2180 4429 2501 4490 eoepectatar
2528 4423 2705 4478 cubiti
2736 4427 2753 4494 ΙΙ
2780 4429 2811 4478 6
2842 4423 3095 4492 illigatas
3120 4425 3205 4492 T„

621 4493 712 4546 sed
751 4513 776 4548 s
811 4495 998 4548 littera
1025 4499 1154 4562 post
1189 4495 1402 4548 addita.
1455 4497 1584 4562 fort.
1625 4495 1846 4564 illigata
1885 4497 1987 4550 est.
2016 4497 2033 4566 ΙΙ
2060 4511 2199 4562 quas
2246 4495 2291 4546 Τ
2348 4511 2515 4562 quam
2542 4495 2753 4550 Daniel
2778 4499 2795 4566 ss
2826 4511 2915 4548 eas
2956 4495 3179 4562 scripsi:

625 4581 748 4616 eam
791 4565 838 4616 T
865 4565 884 4634 ss
929 4571 956 4618 7
999 4565 1340 4634 reciprocam
1377 4565 1582 4620 Daniel
1611 4569 1630 4636 11
1669 4571 1702 4620 9
1741 4565 1798 4618 id
1839 4567 1924 4618 est
1962 4565 2165 4634 raptim
2206 4565 2461 4620 sublatus
2500 4583 2601 4622 om,
2636 4565 2771 4620 LH
2802 4565 2953 4634 (aad.
2994 4565 3031 4634 l)
3062 4566 3083 4635 ΙΙ
3122 4565 3181 4618 id

625 4637 708 4688 est
747 4651 846 4688 om.
889 4637 964 4688 M
989 4639 1006 4706 11
1045 4637 1254 4706 raptim
1291 4639 1352 4692 et
1389 4637 1642 4692 sublatus
1677 4637 1744 4690 F
1763 4639 1780 4708 11
1825 4643 1888 4690 11
1927 4637 2201 4692 felicitate
2242 4637 2305 4690 H
2328 4639 2347 4708 11
2390 4643 2455 4690 12
2496 4655 2731 4692 mansam
2768 4637 2845 4690 M
2872 4637 2889 4706 ΙΙ
2934 4641 2999 4690 13
3038 4637 3179 4692 0οοί-

623 4703 774 4758 ditur
807 4705 944 4758 LM
983 4709 1000 4778 1}
1049 4713 1116 4760 14
1153 4709 1516 4776 ufontemque
1551 4709 1620 4760 H
1641 4711 1658 4780 ΙΙ
1695 4709 1816 4778 gias
1857 4707 1912 4760 R
1966 4709 2127 4778 giyas
2160 4709 2231 4760 H
2276 4709 2439 4778 gigas
2482 4709 2555 4762 M
2590 4713 2609 4778 ΙΙ
2646 4709 2795 4762 cadit
2836 4751 2849 4760 .
2878 4751 2889 4762 .
2922 4751 2935 4762 .
2978 4709 3175 4778 augur]

623 4825 676 4862 se
707 4777 828 4892 adit
849 4813 940 4866 eta
983 4813 1048 4866 H
1097 4817 1154 4868 et
1179 4857 1192 4868 .
1229 4855 1242 4868 .
1273 4855 1284 4868 .
1317 4831 1500 4884 augur
1531 4831 1632 4870 om.
1653 4815 1866 4868 RMF
1887 4817 1904 4884 ΙΙ
1931 4817 2013 4886 et]
2048 4815 2171 4886 ipse
2216 4815 2489 4886 Vergilius
2516 4817 2531 4886 ΙΙ
2564 4821 2629 4868 16
2666 4815 2969 4886 qualitate]
2998 4831 3099 4870 om.
3122 4815 3179 4882 S,

623 4881 956 4948 qualitatem
997 4883 1054 4938 F
1075 4887 1096 4954 11
1145 4885 1440 4952 perduram
1481 4887 1546 4940 H
1573 4889 1594 4958 ΙΙ
1643 4893 1708 4940 18
1747 4887 1804 4940 id
1843 4887 1928 4940 est
1968 4903 2063 4942 om.
2106 4887 2165 4940 F
2196 4888 2215 4957 ΙΙ
2260 4887 2477 4940 fai-aces
2514 4887 2567 4940 R
2624 4885 2787 4940 feries
2828 4887 2885 4940 F
2918 4888 2935 4956 {l
2988 4893 3047 4940 19
3092 4887 3179 4940 cui

621 4951 784 5020 putre
819 4955 1028 5024 solum]
1067 4955 1252 5024 capud
1287 4957 1530 5012 resolum
1567 4957 1632 5012 F
1651 4961 1668 5030 ΙΙ
1705 4957 2003 5012 imitantur
2036 4959 2107 5012 H
2134 4961 2151 5028 11
2188 4965 2257 5012 21
2296 4975 2569 5012 Msnavvm
2608 4957 2649 5012 S
2674 4960 2693 5030 ss
2732 4957 2947 5014 scilicet
2984 4959 3179 5012 Medea

621 5021 922 5144 Falifigim
933 5027 990 5146 ἓ]
995 5025 1194 5080 Medea
1233 5045 1330 5084 om.
1367 5027 1416 5082 L
1445 5031 1464 5098 ΙΙ
1493 5035 1556 5084 23
1601 5033 1676 5100 etl
1719 5045 1862 5100 quae
1891 5027 1953 5080 F
1976 5033 1993 5100 {1
2020 5027 2317 5100 quosdam]
2360 5045 2497 5096 quos
2534 5027 2579 5084 S
2604 5032 2621 5101 ll
2648 5035 2717 5086 27
2756 5029 3075 5102 anguiciam
3106 5029 3179 5084 Sl

621 5111 802 5160 anglssl
841 5111 896 5144 111
