3900 5784
1263 629 1494 686 COMM.
1531 629 1614 682 IN
1651 631 1866 686 VERG.
1905 633 2077 690 AEN.
2114 589 2231 690 VH⁴
2256 641 2559 692 320—346.
3056 623 3183 686 153

625 791 836 856 ret-ire.
897 811 1024 854 non
1075 791 1156 854 ob
1209 791 1518 858 ambitum
1573 795 1762 860 dixit:
1811 817 1967 860 nam
2012 793 2261 864 ‘ambio
2312 799 2387 864 ad
2438 797 2655 864 illum’
2708 795 3001 874 dicimuS,
3050 809 3185 854 noll

629 897 880 962 ‘ambio
925 897 1158 962 illum’.

805 1001 956 1070 335.
1027 1023 1122 1070 trv
1165 1021 1388 1072 Po'rEs
1437 1027 1798 1076 vNAmMos
1849 1033 1886 1074 a
1933 1011 2177 1074 maiore
2224 1013 2307 1076 ad
2352 1013 2581 1076 minus.

803 1113 952 1178 336.
1025 1129 1342 1178 VERSARE
1397 1119 1664 1182 vertere.
1747 1121 1816 1180 et
1871 1141 2025 1182 usus
2090 1121 2191 1182 est
2234 1117 2711 1202 frequentativo
2766 1121 2847 1182 ad
2892 1117 3023 1182 vim
3074 1139 3183 1180 au-

625 1219 922 1302 gendam.
3220 1233 3251 1282 5

805 1327 952 1392 337.
1025 1345 1166 1392 ΤΙΒΙ
1209 1343 1484 1394 NOMINA
1519 1349 1738 1394 MILLE
1787 1329 2015 1412 facieS‚
2068 1333 2137 1394 ut
2174 1331 2283 1412 (ΙΙ
2324 1331 2495 1414 558>
2544 1333 2617 1394 et
2664 1331 2829 1394 sine
2876 1331 3185 1394 nomine

627 1457 922 1516 corpus,
1015 1433 1254 1500 ‘mille'
1315 1441 1528 1502 autem
1599 1437 1948 1502 secundum
2006 1435 2411 1520 Euripidem,
2476 1439 2545 1502 in
2608 1437 2789 1502 cuius
2844 1437 3185 1520 tragoedia

627 1541 786 1604 dicit
835 1541 1026 1628 furia,
1087 1565 1152 1608 se
1201 1565 1330 1608 non
1375 1565 1512 1608 esse
1563 1543 1750 1606 unius
1801 1543 2143 1628 potestatis
2156 1591 2175 1624 ,
2232 1543 2345 1606 sed
2390 1565 2459 1606 se
2502 1541 2885 1624 Fortunam,
2946 1565 3011 1604 se
3062 1543 3185 1608 Ne-

521 1689 528 1694 ·
627 1649 858 1734 mesin,
905 1673 974 1712 se
1019 1651 1282 1734 Fatum,
1335 1673 1398 1714 se
1449 1671 1588 1714 esse
1633 1649 2123 1713 Necessitatem.
2216 1649 2315 1712 ita
2360 1647 2517 1714 dicit
2564 1649 2759 1714 etiam
2810 1649 3037 1732 Asper.

807 1759 956 1822 338.
1025 1775 1408 1824 FEOVNDVM
1447 1773 1766 1820 CONGVTE
1819 1773 2081 1822 PEOTVS
2126 1757 2389 1838 plenum
2440 1759 2665 1840 pectus
2710 1757 2997 1820 malitiae
3050 1757 3185 1820 effi-
3222 1769 3291 1818 10

625 1863 820 1928 cacia.

805 1973 952 2038 339.
1027 1989 1478 2038 COMPOSITAM
1525 1989 1758 2036 PAOEM
1811 1995 2003 2056 quam
2056 1995 2247 2058 supra
2296 1971 2567 2036 Latinus
2612 1971 2891 2036 dederat.
3050 1989 3185 2036 onl-

625 2097 804 2144 MINA
849 2097 1058 2144 BELLI
1105 2101 1360 2160 causas,
1409 2085 1480 2144 ut
1525 2079 1624 2162 <X
1675 2081 1840 2162 188>
1885 2081 2177 2144 crimen
2222 2101 2431 2144 amor
2476 2083 2837 2144 vestrum.

807 2187 964 2252 341.
1017 2207 1192 2252 EXIN
1225 2189 1458 2272 statim,
1489 2191 1550 2252 ee}
1581 2193 1672 2252 est
1705 2187 1955 2252 ordinis
1994 2187 2383 2252 adverbium.
2524 2203 2927 2252 GORGONEIS
2966 2191 3185 2252 autem
3252 2241 3259 2252 ,

627 2295 954 2390 pessimis,
999 2295 1236 2372 saevis,
1285 2319 1326 2360 a
1369 2295 1696 2378 Gorgone.
3224 2307 3293 2354 15

807 2405 954 2468 343.
1029 2417 1338 2468 TACITVM
1401 2423 1518 2486 pro
1585 2401 1800 2468 tacite.
1879 2403 2045 2468 bene
2100 2405 2317 2466 autem
2372 2419 2705 2488 OBSED1T‚
2770 2405 2955 2490 quasi
3024 2425 3185 2488 quae

625 2507 1080 2574 insidiabatur.

807 2615 952 2680 345.
1027 2633 1400 2692 CVRAEQVE
1449 2633 1754 2694 IRAEQVE
1807 2615 2223 2696 COQVEBA‘NT
2284 2639 2587 2702 perverso
2648 2617 2867 2684 ordine
2926 2641 3185 2702 respon·

627 2723 752 2808 dit3
807 2747 960 2786 nam
1007 2723 1106 2786 ira
1153 2723 1218 2786 in
1265 2721 1584 2788 Troianos
1641 2729 1738 2788 est
1745 2775 1766 2808 7
1823 2747 1975 2790 cura
2036 2747 2187 2790 vero
2242 2725 2321 2788 de
2364 2725 2627 2808 nuptiis,
2710 2729 2777 2788 et
2818 2719 3033 2808 primo
3078 2725 3185 2788 ad-

629 2835 894 2896 ventum
945 2831 1336 2894 Teucrorum
1383 2831 1648 2896 dixerat.
1723 2831 2117 2914 ‘coquebant’
2168 2853 2303 2898 vero
2346 2833 2757 2898 macerabant.
3222 2843 3293 2890 20

807 2939 952 3004 346.
1025 2957 1196 3002 HVIG
1231 2957 1372 3002 DEA
1421 2941 1624 3026 figura
1673 2939 2107 3024 hyperbaton:
2158 2963 2437 3026 namque
2472 2939 2627 3004 talis
2670 2943 2769 3004 est
2804 2941 2987 3004 ordo:
3038 2939 3185 3003 huic

625 3047 744 3112 dea
795 3069 992 3110 uuum
1033 3067 1310 3130 anguem
1345 3047 1418 3110 in
1455 3047 1670 3112 sinum
1705 3047 1948 3112 conicit
1986 3051 2055 3112 et
2090 3071 2293 3134 usque
2330 3047 2415 3112 ad
2458 3047 2693 3112 intima
2732 3047 2953 3110 subdit
2998 3069 3179 3130 prae-

627 3257 740 3314 AS
763 3261 784 3330 ΙΙ
811 3257 1080 3328 amplecti
1111 3299 1122 3310 .
1149 3301 1162 3312 .
1185 3303 1196 3314 .
1223 3277 1336 3314 non
1373 3259 1562 3314 ambio
1597 3257 1786 3326 illum]
1821 3275 2001 3328 neque
2042 3257 2253 3328 nuptiis
2292 3257 2657 3328 impetrandis
2692 3257 2911 3328 possint
2944 3257 3185 3312 latinum

625 3329 912 3398 amplecti.
969 3331 1030 3384 et
1057 3329 1264 3384 circum
1297 3329 1466 3386 retiri.
1525 3347 1636 3384 non
1667 3331 1734 3384 ob
1765 3329 2045 3384 ambitum
2072 3329 2219 3384 enim
2252 3329 2399 3386 dixit
2432 3329 2663 3386 ambire.
2718 3347 2847 3382 nam
2888 3329 3071 3384 ambio
3114 3331 3185 3386 ad

627 3401 790 3456 illum
827 3401 1062 3456 dicimus
1099 3403 1246 3468 (cum
1279 3403 1348 3456 ob
1375 3401 1654 3458 ambitum
1681 3401 1752 3456 ob
1783 3403 2057 3456 ambitum
2084 3402 2295 3456 dicitur
2320 3403 2381 3456 et
2408 3401 2753 3470 significatur
2782 3401 2945 3470 cupio
2984 3401 3111 3456 add.
3144 3403 3183 3470 l)

625 3491 736 3528 non
775 3473 962 3528 ambio
999 3473 1180 3526 illum.
1237 3491 1364 3528 cum
1397 3489 1530 3530 uero
1559 3475 1742 3528 ambio
1773 3473 1930 3528 illum
1962 3473 2199 3528 dicimus
2234 3473 2519 3544 significat
2552 3473 2771 3528 insidiis
2808 3471 3185 3526 circumuenio

625 3547 694 3598 ut
727 3545 822 3598 hic
851 3545 930 3598 M
961 3549 1010 3600 et
1039 3545 1226 3614 priore
1261 3545 1546 3614 scriptura
1579 3547 1754 3600 deleta
1793 3547 1810 3600 Z
1843 3547 1864 3614 ΙΙ
1907 3545 2285 3600 circumret-ire
2312 3545 2395 3598 R:
2434 3545 2643 3600 circum
2670 3545 2911 3598 retinere
2938 3543 3191 3656 AffbHF

545 3689 548 3692 ⁴
625 3669 644 3738 ΙΙ
695 3677 720 3722 1
769 3687 878 3726 non
931 3669 998 3726 ob
1047 3671 1318 3724 ambitum
1357 3669 1502 3722 dixit
1537 3671 1614 3724 R:
1665 3675 1700 3724 ᾗ
1737 3671 1830 3724 abi
1871 3671 2087 3724 obitum
2126 3669 2271 3724 dixit
2304 3671 2373 3722 H
2422 3671 2477 3724 et
2516 3669 2725 3724 dictum
2768 3671 2853 3722 est
2892 3685 3001 3722 non
3064 3685 3179 3722 am-

627 3741 750 3794 bii-‚fi
787 3745 838 3794 A
895 3745 952 3794 et
987 3741 1202 3796 dictum
1249 3741 1336 3794 est
1381 3759 1492 3794 non
1543 3743 1612 3794 ab
1663 3741 1876 3796 ambitu
1917 3741 1959 3794 S
1970 3743 2035 3794 F
2082 3743 2099 3812 ΙΙ
2130 3743 2287 3794 ‘nam
2324 3741 2541 3812 ambio]
2582 3753 2711 3794 ama
2750 3739 2905 3794 inbio
2938 3741 3017 3794 Η
3072 3757 3185 3794 non

629 3815 702 3866 ob
739 3813 1014 3866 ambitum
1055 3813 1198 3868 dixit
1223 3851 1236 3866 .
1271 3857 1284 3866 .
1313 3851 1326 3866 .
1357 3809 1548 3866 ambio
1583 3811 1740 3866 illum
1783 3829 1896 3866 ‘non
1921 3815 2179 3866 videntur
2204 3813 2387 3866 Servii
2422 3829 2531 3866 esse
2540 3833 2559 3878 ;
2594 3827 2727 3866 nam
2762 3827 2931 3878 ‘neque
2966 3827 3181 3866 consen-

621 3885 772 3938 tiunt
819 3899 940 3938 eum
985 3885 1102 3938 illis
1139 3899 1278 3950 quae
1315 3885 1390 3938 ad
1425 3885 1562 3938 Aen.
1599 3885 1678 3938 IV
1715 3887 1818 3936 283
1865 3887 2259 3952 grammaticus
2294 3885 2603 3952 praecepit,
2654 3899 2821 3950 ‘neque
2862 3881 3073 3936 ‘anzbio
3110 3883 3185 3936 ad

623 3955 812 4008 illum'
853 3955 1056 4008 locutio
1091 3971 1348 4022 uniquam
1385 3955 1728 4022 fh·equentata
1767 3959 1854 4008 est.
1887 3957 1906 4022 ΙΙ
1945 3959 1979 4008 3
2020 3955 2411 4022 argumentum
2448 3969 2485 4004 a
2522 3953 2731 4008 maiore
2762 3971 2797 4008 a
2820 3953 2841 4022 ΙΙ
2870 3953 2939 4004 ad
2978 3953 3183 4022 minus]

625 4025 860 4080 dicimus
891 4023 1000 4078 AS
1039 4027 1196 4094 (corr.
1225 4029 1320 4094 as)
1349 4025 1370 4094 ΙΙ
1409 4031 1438 4078 6
1473 4025 1672 4094 facies]
1715 4025 1870 4078 mille
1909 4025 2081 4078 facies
2110 4025 2165 4080 R
2218 4025 2277 4078 id
2316 4027 2405 4080 est
2436 4025 2611 4080 facies
2650 4025 2701 4076 L
2726 4027 2747 4094 ΙΙ
2776 4031 2807 4080 8
2846 4023 3051 4078 dicitur
3076 4023 3133 4076 L
3168 4023 3187 4092 11

623 4097 796 4150 furias
833 4115 946 4150 non
981 4111 1100 4150 esse
1143 4097 1304 4150 unius
1339 4097 1640 4164 potestatis
1667 4097 1878 4148 LHM
1927 4097 2101 4150 furias
2142 4113 2255 4150 non
2292 4115 2351 4150 86
2390 4095 2553 4150 unius
2590 4113 2711 4150 esse
2752 4097 3047 4164 potestatis
3072 4095 3187 4150 AS

625 4173 708 4238 (se
747 4169 846 4222 del.
889 4169 944 4236 a)
999 4169 1148 4220 furia
1183 4185 1294 4220 non
1331 4185 1390 4220 se
1427 4169 1588 4220 unius
1629 4185 1746 4220 esse
1785 4169 2083 4238 potestatis
2124 4167 2255 4220 RF
2276 4169 2293 4238 ΙΙ
2318 4169 2417 4220 sed
2456 4209 2467 4220 .
2504 4211 2515 4222 .
2548 4209 2559 4220 .
2598 4169 2799 4238 Asper]
2840 4185 2939 4220 om.
2972 4167 3047 4234 R,
3086 4167 3185 4220 sed

623 4239 988 4308 plurimarum
1011 4241 1042 4272 ’¹‘
1075 4235 1160 4292 ita
1197 4239 1414 4292 factum
1447 4239 1752 4294 secundum
1789 4237 2207 4304 necessitatem,
2250 4237 2329 4292 ita.
2372 4241 2553 4306 Asper
2588 4237 2895 4292 Fabricius
2928 4241 2947 4306 ΙΙ
2984 4255 3041 4292 86
3076 4239 3185 4292 for-

623 4313 818 4364 tunam
855 4309 988 4364 LH
1039 4325 1092 4364 se
1135 4325 1252 4364 esse
1291 4311 1572 4364 fortunam
1613 4309 1720 4364 AS
1731 4309 1794 4364 F
1843 4327 1963 4364 esse
2004 4311 2285 4364 fortunam
2326 4313 2403 4364 M
2408 4311 2429 4364 l
2462 4311 2481 4380 ΙΙ
2526 4327 2581 4364 86
2620 4311 2871 4366 nemesin
2908 4327 2965 4364 86
3004 4309 3185 4364 fatum

625 4401 684 4436 86
721 4399 842 4436 6886
883 4381 1280 4436 necessitatem
1315 4381 1370 4436 L
1411 4385 1488 4452 (se
1527 4399 1728 4452 semper
1767 4385 1866 4438 dcl.
1907 4385 1944 4452 ἶ)
2006 4399 2191 4436 senem
2230 4397 2289 4436 es
2324 4381 2447 4436 inse
2484 4381 2699 4436 factum
2740 4401 2797 4436 se
2836 4399 2953 4436 esse
2994 4397 3181 4436 neces-

623 4453 848 4508 sitatem
887 4455 954 4508 H
1005 4451 1254 4508 nemesin
1301 4453 1478 4508 fatum
1533 4453 1922 4508 necessitatem
1962 4453 2159 4508 ΑΒΜ
2162 4453 2225 4508 F
2228 4495 2247 4520 ‚
2294 4457 2409 4510 nisi
2442 4457 2587 4524 quod
2624 4455 2843 4508 fantum
2882 4455 2925 4508 S
2974 4453 3183 4508 factum

625 4527 700 4580 M
731 4525 930 4594 (fatum
965 4529 1058 4594 m),
1095 4525 1432 4580 necessitate
1459 4525 1570 4580 As
1595 4527 1618 4594 ΙΙ
1645 4533 1674 4580 9
1713 4525 1852 4580 dicit
1891 4525 2059 4580 etiam
2100 4543 2197 4580 om.
2230 4527 2365 4580 LH
2386 4529 2403 4598 ss
2434 4531 2501 4580 10
2538 4545 2817 4580 sscvunvu
2846 4527 2921 4578 M
2940 4525 2959 4594 ΙΙ
2988 4527 3183 4594 pectus

625 4615 722 4652 om.
765 4597 894 4650 LH
929 4599 946 4670 ΙΙ
991 4595 1268 4652 efficatiae
1307 4597 1384 4650 M
1419 4599 1438 4667 ΙΙ
1489 4603 1552 4650 12
1593 4613 1762 4666 supra
1797 4613 1900 4652 om.
1935 4597 2183 4652 ASRF
2222 4598 2243 4667 ΙΙ
2290 4603 2357 4650 14
2394 4597 2719 4652 aduerbium
2762 4595 2969 4652 ordinis
3008 4595 3137 4648 AF
3164 4595 3185 4666 ΙΙ

623 4669 812 4722 autem
847 4667 1100 4722 om.LH
1107 4669 1180 4722 M
1203 4669 1222 4734 ΙΙ
1257 4673 1318 4722 16
1345 4669 1490 4722 bene
1523 4709 1566 4722 ..
1595 4709 1606 4722 .
1641 4669 1888 4736 onsnm'r]
1927 4667 2083 4722 Sedit
2124 4669 2353 4724 obsedit.
2412 4669 2551 4722 bene
2588 4669 2779 4722 autem
2816 4667 3039 4722 obsedit
3068 4669 3145 4720 M
3168 4667 3181 4736 Η

623 4739 766 4794 bene
805 4741 1018 4808 autem]
1057 4741 1196 4798 bene
1227 4739 1280 4790 L
1317 4739 1532 4808 (autem
1567 4741 1694 4794 add.
1727 4741 1768 4808 l)
1825 4739 1922 4792 sed
1958 4739 2103 4792 bene
2134 4739 2199 4794 H
2220 4741 2241 4808 ΙΙ
2272 4745 2333 4792 17
2368 4739 2727 4794 insidiabitur
2754 4739 2807 4792 A
2846 4741 3007 4808 (corr.
3034 4757 3179 4794 mem

623 4817 748 4880 rec.)
801 4811 1172 4864 insidiabatur
1207 4809 1270 4862 F
1317 4812 1336 4880 ΙΙ
1397 4817 1458 4864 18
1499 4811 1572 4864 ad
1609 4827 1658 4864 v.
1697 4815 1800 4864 345
1847 4829 2115 4864 mummi:
2160 4811 2687 4864 uehementissimae
2730 4813 2787 4864 et
2820 4811 3183 4880 impatientes

625 4883 798 4936 edidit
831 4883 1140 4936 Fabricius
1165 4883 1182 4952 ΙΙ
1221 4883 1520 4952 respondet
1555 4881 1608 4934 L
1637 4883 1654 4948 ΙΙ
1695 4887 1762 4934 19
1799 4897 1928 4936 vero
1968 4899 2065 4934 om.
2108 4883 2239 4934 LH
2270 4885 2439 4950 (supr.
2480 4897 2611 4934 vei-8.
2652 4883 2779 4936 add.
2818 4883 2859 4952 Ζ)
2888 4885 2905 4954 ΙΙ
2934 4883 3183 4938 aduentu

625 4953 686 5006 F
717 4954 738 5021 ΙΙ
787 4959 850 5004 20
893 4953 1132 5024 dixerat]
1173 4951 1426 5008 dixerant
1461 4953 1536 5022 R,
1573 4967 1674 5006 om.
1711 4953 1774 5004 F
1813 4953 1830 5018 ss
1881 4959 1942 5004 21
1986 4953 2165 5022 figura
2198 4951 2517 5022 yperbaton
2552 4953 2599 5004 lx
2638 4953 2817 5020 figura
2854 4955 3183 5024 perturbata

625 5025 676 5078 A
691 5023 868 5078 SRH
883 5025 956 5076 M
965 5023 1030 5076 F
1079 5025 1260 5094 figura
1295 5041 1396 5094 per
1429 5021 1702 5094 yperbata
1743 5023 2071 5090 (yperbaton
2112 5027 2165 5092 a)
2222 5023 2447 5078 turbata
2486 5023 2585 5076 La
2614 5024 2633 5091 ΙΙ
2666 5023 2797 5080 hinc
2838 5027 2913 5080 M
2948 5027 2967 5096 ΙΙ
3008 5031 3073 5078 22
3116 5023 3181 5076 si-

625 5115 728 5150 nus
769 5093 916 5150 HM
947 5095 968 5164 ΙΙ
1015 5093 1084 5148 ad
1123 5093 1290 5150 stima
1325 5095 1390 5150 F
1427 5099 1446 5164 ss
1493 5093 1744 5150 subdidit
1777 5093 1832 5148 R
