3900 5784
679 623 720 686 2
1123 675 1126 678 .
1835 625 2077 680 SERVII

675 787 894 852 classis
937 789 1186 870 dicitur,
1241 787 1332 852 vel
1377 791 1540 870 quod
1573 791 1694 868 fiat
1737 789 1810 852 cle
1847 785 2135 866 fustibus.
2222 785 2395 852 cazas
2434 789 2603 852 euim
2644 785 2921 852 <licebant
2966 785 3231 852 uiatores

673 895 876 958 nostri
907 893 1128 974 fustes,
1171 911 1324 972 quos
1355 893 1690 974 portabant
1721 893 1884 956 servi
1917 897 2225 974 sequentes
2262 893 2537 956 dominos
2582 897 2669 960 acl
2696 893 3023 976 proelium,
3068 895 3231 958 uude

675 1001 862 1062 etiam
907 999 1148 1064 calmes
1189 999 1556 1062 dicebantur.
1627 1019 1776 1064 uam
1809 1001 2183 1064 'cousuetudo
2232 1005 2367 1064 erat
2396 1001 2621 1066 militis
2652 1001 2945 1080 Romani,
2990 1007 3059 1064 ut
3104 1003 3233 1082 ipse

671 1105 796 1168 sibi
845 1125 1032 1166 arma
1071 1109 1380 1188 portaret,
1431 1105 1560 1186 ipse
1615 1105 1880 1170 vallum:
1931 1105 2169 1172 vallum
2214 1111 2417 1172 autem
2462 1109 2743 1172 dicebaut
2790 1109 3019 1186 calam,
3074 1109 3235 1172 sicut

577 1195 638 1274 '5
673 1211 958 1274 Lucilius
1011 1211 1260 1274 sciude
1309 1211 1576 1298 calam,
1633 1217 1712 1276 ut
1765 1213 2033 1298 calcas,
2086 1215 2159 1278 id
2198 1217 2305 1296 est,
2366 1235 2399 1278 ο
2438 1233 2621 1296 puer,
2666 1213 2895 1296 frange
2932 1215 3131 1294 fustes
3170 1219 3233 1278 et

667 1319 778 1400 fac
815 1317 1040 1398 focum.
1131 1319 1274 1382 iude
1315 1339 1452 1402 erqo
1499 1319 1752 1386 classem
1795 1321 2025 1386 dictam
2066 1321 2293 1384 dicuut.
2386 1319 2505 1386 alii
2546 1319 2799 1384 classem
2844 1319 2987 1386 hinc
3026 1323 3233 1406 magis

669 1427 900 1490 dictam
943 1425 1186 1490 volunt:
1247 1429 1420 1508 apud
1457 1429 1720 1492 maiores
1765 1433 2007 1492 uestros
2046 1415 2417 1510 stipendium
2456 1427 2689 1510 proelio
2740 1427 3011 1490 terrestri
3050 1427 3229 1494 miles

659 1533 934 1614 pedester
991 1533 1202 1616 dabat,
1261 1537 1482 1616 equites
1533 1557 1670 1600 vero
1727 1535 1961 1600 dabant
2012 1535 2081 1598 iu
2138 1535 2353 1598 uavali
2404 1535 2761 1610 certamiue3
2824 1553 2979 1598 uam
3028 1535 3231 1598 adhuc

661 1659 904 1720 pauper
941 1641 1156 1720 fuerat
1183 1641 1474 1724 populus.
1551 1643 1772 1706 exinde
1811 1643 1944 1706 iam
1992 1643 2153 1722 quod
2202 1641 2279 1706 ab
2336 1641 2633 1722 equitibus
2680 1639 2949 1706 dabatur
3002 1641 3227 1722 stipen-

541 1759 634 1808 ‘10
667 1745 870 1824 (lium,
925 1751 1190 1810 tractum
1247 1751 1332 1810 est
1385 1751 1456 1810 ut
1505 1745 1802 1812 diceretur
1855 1747 2069 1812 elassis
2082 1767 2105 1808 .·
2156 1747 2411 1828 proprie
2448 1749 2633 1828 ‚euim
2684 1749 2903 1832 classes
2958 1749 3227 1830 equitum

667 1853 946 1918 dicimus.
1157 1871 1396 1930 OLASSI
1443 1855 1556 1918 aut
1603 1875 1758 1916 suae
1801 1853 1983 1938 navi,
2038 1873 2201 1938 quae
2258 1851 2513 1936 classiS‚
2566 1857 2641 1918 ut
2684 1855 2753 1918 in
2798 1855 3011 1938 primo
3058 1855 3227 1940 (39)

663 1961 976 2042 'diximu8,
1031 1961 1202 2024 dicta
1251 1961 1352 2024 est
1397 1953 1526 2042 ἀπὸ
1573 1955 1710 2024 τῶν
1757 1955 2035 2042 κάλων,’
2066 1961 2135 2024 id
2182 1965 2283 2024 est
2330 1985 2369 2024 a
2412 1961 2641 2046 lignis,
2696 1961 2865 2024 unde
2908 1961 3227 2026 Horatius

667 2089 782 2132 me
835 2067 956 2130 vel
1007 2069 1394 2130 extremos
1437 2063 1936 2132 Numidarum
1998 2067 2071 2130 in
2120 2087 2351 2150 agros
2402 2067 2651 2132 classe
2708 2069 3029 2152 releget,
3088 2089 3227 2132 cum

667 2175 740 2238 cle
781 2193 912 2238 uua
959 2173 1302 2254 loqueretur
1355 2173 1534 2238 navi:
1599 2175 1712 2238 aut
1767 2175 2055 2238 omnium
2114 2195 2273 2258 quae
2332 2173 2471 2238 eius
2526 2195 2785 2238 cursum
2846 2179 3223 2260 sequuntur3

561 2293 628 2342 15
665 2279 958 2346 Palinuri
1007 2281 1174 2344 enim
1223 2279 1456 2364 implet
1501 2279 1810 2364 officium,
1861 2281 1936 2344 de
1988 2303 2115 2364 quo
2152 2303 2353 2366 supra
2390 2279 2495 2364 <V
2528 2279 2703 2362 834>
2750 2279 2847 2346 ait
2894 2281 2985 2346 ad
3026 2281 3227 2346 hunc

667 2385 804 2450 alii
851 2409 1156 2452 cursum
1205 2385 1672 2450 contendere
1721 2387 1936 2450 iussi.
2136 2405 2459 2450 INMITTIT
2504 2405 2829 2450 HABENAS
2876 2391 2991 2452 aut
3032 2387 3223 2452 funes

663 2513 780 2576 per
825 2493 1276 2576 metaphoram
1325 2493 1518 2576 (fixit,-
1561 2493 1674 2554 aut
1711 2489 2071 2556 Homerum
2120 2495 2377 2556 secutus
2424 2495 2549 2576 est,
2600 2493 2709 2576 qui
2748 2491 2845 2558 ait
2878 2494 3023 2558 vela
3064 2493 3225 2578 erigi

663 2597 1120 2684 ἐυστρέπτοισι
1163 2599 1426 2684 βοεῦσι,
1477 2597 1540 2662 id
1579 2603 1678 2664 est
1725 2597 1882 2664 loris
1927 2585 2151 2684 tortis3
2198 2599 2299 2666 his
2350 2601 2515 2664 enim
2558 2591 2905 2664 utebantur
2954 2599 3225 2684 antiqui.

841 2709 904 2772 2.
975 2725 1062 2772 ΕΤ
1113 2723 1404 2774 TANDEM
1453 2705 1530 2770 ad
1575 2705 1834 2770 Aeneae
1881 2705 2269 2770 desiderium
2314 2707 2563 2790 retulit,
2620 2705 2777 2768 olim
2834 2705 2911 2770 ad
2960 2705 3221 2770 Italiam

555 2829 628 2876 20
663 2813 884 2902 venire
949 2815 1284 2898 cupientis
1381 2819 1660 2878 ceterum
1729 2833 1910 2876 mora
1976 2835 2111 2876 non
2166 2811 2473 2898 congruit
2526 2811 2607 2878 de
2660 2811 2927 2894 Capreis
2984 2809 3221 2876 Cumas

807 2995 836 3042 1
889 2989 1082 3044 classis
1121 2989 1328 3044 dicitur
1367 3031 1378 3044 .
1409 3029 1420 3040 .
1455 3029 1468 3040 .
1507 2987 1712 3042 classes
1759 2987 2013 3056 equitum
2056 2973 2329 3056 dicimus]
2370 3001 2537 3042 exscr.
2578 2987 2739 3040 Luct.
2774 2987 2927 3042 Plac.
2968 2987 3039 3040 ad
3080 2987 3227 3056 Stat„

661 3059 800 3114 Ach.
833 3061 860 3114 I
885 3065 994 3114 444
1029 3059 1132 3128 (ΠΙ
1155 3065 1226 3114 48
1265 3059 1588 3128 Lindenbr.)
1629 3060 1648 3129 ΙΙ
1693 3065 1726 3110 5
1765 3057 2041 3128 Lucilius]
2084 3075 2149 3112 ex
2182 3059 2311 3110 libr.
2350 3053 2539 3112 incert.
2582 3077 2629 3110 v.
2664 3061 2763 3110 151
2802 3077 2855 3128 p.
2890 3063 2993 3110 153
3026 3057 3221 3116 Muell.

665 3131 680 3202 ΙῙ
725 3139 786 3186 12
827 3131 1118 3200 Horatius]
1157 3147 1324 3184 carm.
1367 3129 1444 3184 ΙΙΙ
1485 3137 1570 3196 11,
1609 3137 1674 3184 47
1715 3131 1734 3198 ΙΙ
1775 3137 1842 3184 17
1879 3129 2207 3206 Homerum]
2248 3127 2351 3182 Od.
2386 3129 2441 3182 ΙΙ
2480 3133 2613 3218 412ὃῦ.
3150 3155 3155 3158 -

807 3297 836 3344 1
877 3291 970 3344 vel
1007 3307 1108 3350 om.
1147 3289 1220 3356 0,
1261 3291 1496 3358 fortasse
1527 3295 1666 3346 recte
1711 3291 1732 3360 ΙΙ
1775 3291 1926 3344 salas
1968 3289 2301 3360 Stephanus:
2352 3289 2501 3344 cales
2540 3287 2645 3344 06-
2700 3287 2869 3344 Kales
2910 3289 2983 3342 M
2994 3287 3013 3342 l
3070 3291 3219 3344 calos

659 3361 1032 3418 Luat-'Plau
1101 3363 1228 3416 cala
1269 3361 1648 3416 Burmannus.
1709 3361 1774 3428 cf.
1813 3361 2009 3416 Loewe
2042 3361 2323 3430 prodromi.
2354 3377 2413 3428 p.
2456 3365 2555 3416 322
2604 3361 2623 3430 ΙΙ
2676 3365 2711 3414 2
2754 3359 2935 3414 nostri
2980 3375 3083 3416 om.
3122 3361 3169 3414 0
3200 3363 3219 3434 Η

661 3439 694 3488 3
733 3433 958 3488 colones
1001 3431 1048 3486 Ο
1095 3437 1118 3502 ΙΙ
1167 3431 1314 3488 unde
1365 3433 1532 3488 etiam
1573 3475 1586 3488 .
1627 3473 1638 3486 .
1677 3473 1692 3486 .
1741 3431 2005 3488 dicebant
2050 3431 2245 3486 calam.
2268 3437 2399 3500 post
2446 3433 2535 3486 fac
2582 3433 2765 3486 focum
2810 3431 3067 3486 collocari
3100 3433 3219 3488 vult

649 3505 730 3560 L.
757 3503 1104 3560 Muellerus.'
1153 3505 1364 3560 secludi
1395 3505 1584 3558 malim
1619 3505 1750 3560 haec
1783 3505 1969 3570 verba,
2004 3519 2143 3572 quae
2180 3503 2255 3558 ad
2288 3505 2669 3572 corriyeuclum
2706 3503 3025 3556 scholiastae
3052 3521 3217 3572 prae-

661 3581 872 3644 ceptum
905 3575 1162 3630 videntur
1201 3575 1484 3644 adscripta
1517 3591 1638 3628 esse.
1665 3577 1686 3644 ss
1723 3581 1758 3628 4
1793 3571 1916 3644 ipse
1958 3575 2169 3628 uallum
2212 3573 2315 3626 OG
2342 3573 2501 3628 Luct.
2530 3575 2687 3628 Plac.
2702 3595 2717 3626 z
2752 3575 2813 3626 et
2848 3573 2969 3642 ipse
3002 3575 3219 3628 uallum

637 3647 732 3700 M
739 3647 760 3700 l
813 3647 874 3700 et
909 3647 1126 3700 vallum
1159 3647 1342 3716 vulyo.
1405 3649 1464 3702 et
1507 3647 1630 3700 calo
1675 3645 1890 3698 vallum
1927 3645 1999 3702 L.
2036 3645 2365 3712 Muellerus,
2416 3647 2509 3698 sed
2544 3645 2617 3712 cf.
2654 3643 2995 3714 Marquardt
3032 3645 3215 3702 Roem.

633 3719 1010 3772 'Staatsverw
1045 3715 1102 3770 II
1129 3735 1190 3786 p.
1231 3723 1336 3770 406
1375 3721 1420 3770 et
1459 3723 1558 3770 413
1607 3717 1626 3786 ΙΙ
1677 3717 1894 3770 uallum
1941 3719 2129 3770 autem
2170 3715 2237 3770 0:
2288 3717 2483 3770 nalum
2524 3719 2717 3770 autem
2756 3713 2811 3768 G
2864 3713 3013 3782 quod
3056 3715 3153 3770 Ml
3200 3717 3217 3788 l!

663 3789 856 3842 kalam
889 3787 910 3840 l
945 3791 966 3860 ΙΙ
1015 3793 1046 3842 5
1087 3789 1274 3842 scinde
1313 3803 1450 3856 puer
1487 3789 1666 3842 calam
1711 3787 1776 3842 G.
1809 3789 1856 3840 Ι
1855 3831 1864 3842 .
1903 3787 2133 3842 Vossius
2166 3787 2375 3858 etymol.
2412 3789 2545 3854 liuy.
2576 3785 2707 3842 Lat.
2734 3803 2797 3854 p.
2834 3791 2933 3840 139
2972 3787 2991 3854 ΙΙ
3022 3785 3217 3842 kalam

661 3861 728 3930 lu
771 3863 840 3914 ut
875 3861 1056 3914 calcas
1099 3859 1172 3914 Μ
1179 3861 1228 3914 l:
1263 3857 1358 3912 uel
1395 3859 1560 3914 cadas
1603 3857 1648 3914 G
1689 3861 1720 3910 1:
1753 3859 1906 3914 calas
1945 3857 1997 3914 G
2030 3859 2051 3928 ΙΙ
2096 3857 2155 3912 id
2196 3859 2279 3914 est
2314 3875 2413 3914 om.
2456 3857 2503 3912 0
2530 3859 2551 3928 ΙΙ
2596 3875 2627 3912 ο
2666 3875 2765 3914 om.
2806 3857 2965 3912 Luct.
3002 3857 3159 3914 Plac.
3198 3859 3215 3930 ΙΙ

661 3937 710 3986 θ’
733 3947 936 3986 uocum
975 3933 994 3986 l
1035 3933 1054 4000 ΙΙ
1111 3929 1270 3998 ergo]
1327 3931 1512 3986 autem
1551 3931 1630 3984 M
1633 3931 1654 3984 l
1699 3933 1720 4000 ΙΙ
1771 3929 1872 3984 alii
1907 3931 2091 4000 magis
2124 3929 2257 3984 hinc
2294 3931 2531 3986 classem
2572 3929 2779 3984 dictam
2820 3929 3017 3986 volunt
3052 3929 3213 3986 huet.

665 4001 826 4058 Plae.
867 4003 886 4070 ΙΙ
931 4001 1138 4058 clasem
1177 3999 1228 4056 Ο
1255 4003 1274 4070 ΙΙ
1317 4001 1450 4056 hinc
1489 3999 1666 4070 magis
1707 4001 1782 4056 G:
1823 4001 2003 4072 magis
2040 4001 2173 4056 hinc
2212 4003 2231 4056 l
2282 4001 2469 4070 magis
2502 4017 2603 4056 om.
2644 4001 2771 4054 OM
2804 4003 2825 4072 1!
2870 4005 2899 4054 ’1
2942 4001 3211 4070 proelium

661 4073 916 4128 terrestri
957 4073 1012 4128 G-
1063 4073 1280 4142 proelio
1319 4073 1562 4142 equestri
1599 4073 1620 4126 l
1651 4073 1672 4142 ΙΙ
1719 4077 1750 4126 8
1785 4073 2051 4142 pedester
2094 4071 2143 4124 G
2188 4067 2471 4128 terrestris
2506 4073 2585 4126 M
2592 4073 2611 4126 l
2634 4073 2655 4142 ΙΙ
2702 4079 2733 4126 9
2772 4073 2893 4128 erat
2930 4073 2995 4140 ll}
3040 4073 3213 4142 quod]

661 4145 792 4212 quia
829 4145 852 4198 l
877 4145 896 4214 ΙΙ
931 4145 1006 4200 ab
1039 4161 1144 4200 om.
1181 4143 1346 4198 Luat.
1383 4143 1536 4196 Plac.
1567 4145 1588 4212 ΙΙ
1625 4149 1694 4196 10
1731 4141 2049 4196 dicerentur
2088 4143 2287 4196 classes
2330 4145 2431 4198 Ml
2456 4147 2475 4210 ΙΙ
2498 4141 2727 4212 'equites
2766 4145 2819 4196 G
2846 4145 2865 4212 ΙΙ
2902 4147 2967 4196 11
3006 4143 3211 4212 OLAssl]

661 4233 950 4274 eLAssrovn
987 4217 1042 4270 A
1101 4213 1392 4280 classique.
1431 4213 1504 4268 in.
1541 4231 1616 4268 m.
1653 4213 1710 4266 h.
1751 4211 1798 4266 G
1849 4215 1868 4280 ΙΙ
1919 4213 2113 4268 classis
2150 4255 2165 4268 .
2206 4255 2219 4266 .
2256 4255 2269 4268 .
2312 4229 2345 4266 a
2378 4213 2549 4282 lignis
2588 4229 2687 4268 om.
2730 4211 2775 4264 O
2824 4215 2843 4280 ss
2900 4217 2965 4264 12
3002 4229 3215 4266 σιποιωΝ

659 4283 850 4340 Κὲιὼωιιῐ
877 4283 932 4338 Α
989 4301 1206 4340 ΛποΙωΝ
1243 4303 1424 4338 maon
1453 4283 1520 4338 H
1567 4301 1880 4338 auorcaawu
1909 4283 1987 4336 M
2008 4283 2029 4352 ΙΙ
2054 4283 2227 4356 unde]
2264 4283 2409 4338 sicut
2450 4281 2535 4352 (ΙΙΙ
2568 4289 2631 4336 13
2668 4301 2759 4336 me
2796 4283 2915 4352 vel]
2954 4281 3071 4334 mel
3098 4285 3173 4336 M
3194 4283 3213 4354 Η

661 4357 844 4410 classa
879 4357 934 4410 Α
961 4358 982 4427 ΙΙ
1009 4363 1142 4412 cum*
1171 4355 1244 4412 de
1279 4371 1392 4410 una
1425 4355 1748 4424 loqueretur
1781 4355 1912 4408 navi
1952 4371 2051 4412 om.
2082 4353 2409 4422 RASLH,
2448 4355 2641 4410 habeut
2684 4353 2881 4422 OMtu
2914 4357 2979 4406 14
3014 4369 3211 4410 secun-

2302 4455 2323 4484 2

657 4499 754 4550 tur
787 4493 996 4566 ASC'll
1043 4503 1110 4550 17
1147 4495 1462 4550 metaforan
1495 4495 1632 4550 RH
1637 4495 1712 4550 M
1735 4497 1756 4564 ΙΙ
1789 4495 1888 4564 qui
1925 4495 2009 4550 ait
2042 4493 2327 4566 uelacrige
2362 4511 2723 4550 ercrren'roxa
2756 4511 2933 4550 Boeccr
2972 4493 3041 4550 O:
3080 4495 3213 4566 quia

661 4569 726 4622 at
765 4569 832 4640 tu
877 4567 1156 4638 aelaeregi
1205 4585 1270 4622 er
1315 4583 1386 4622 er.
1409 4583 1786 4622 Penrrcrnoea
1825 4567 1880 4622 R
1945 4585 2079 4638 qula
2122 4569 2343 4624 actuele
2386 4565 2507 4640 regi
2554 4583 2885 4622 excarpsum&
2932 4567 3111 4622 boecii
3156 4571 3209 4622 A

661 4639 758 4706 qui
793 4637 918 4706 agit
955 4655 1048 4692 aen
1089 4641 1240 4710 eregi
1273 4655 1614 4694 eyerrrsurua
1647 4653 1832 4692 Boecn
1867 4639 1912 4694 S
1976 4641 2075 4708 qui
2118 4639 2203 4694 ait
2242 4639 2341 4694 uel
2382 4637 2569 4724 eregie
2612 4655 2929 4694 Yeffnnrru
2964 4657 3113 4694 sot-:a
3148 4639 3217 4694 H

593 4713 600 4718 ’
661 4709 760 4778 qui
799 4709 882 4762 ait
915 4709 1196 4764 tactuaele
1235 4709 1370 4778 regi.
1445 4727 1716 4766 PeTTI'rYCI
1759 4709 1946 4766 boecii
1982 4715 2055 4764 M
2112 4711 2209 4778 qui
2252 4711 2339 4764 ait
2380 4707 2691 4766 ἔντυναντο
2734 4705 2791 4762 δ’
2836 4705 3041 4780 ἐρετμὰ
3086 4729 3209 4780 τρο-

661 4787 790 4840 ποῖς
829 4775 892 4834 ἐν
931 4781 1352 4850 δερματίνοισιν
1389 4779 1512 4850 (Od.
1543 4779 1624 4834 IV
1653 4781 1780 4850 782)
1819 4783 1878 4834 et
1905 4779 2071 4836 ἕλκον
2110 4777 2167 4834 δ’
2200 4779 2349 4836 scria
2382 4777 2561 4836 λευκοὶ
2600 4775 2983 4850 ἐυστρέπτοισι
3020 4779 3209 4852 βόεσσι

661 4853 724 4908 D
763 4853 784 4918 ΙΙ
843 4859 904 4906 19
949 4853 1024 4906 acl
1069 4853 1126 4904 et
1171 4853 1396 4904 tandem
1435 4853 1498 4906 iu
1531 4869 1706 4922 mary.
1745 4853 1818 4904 ad
1853 4853 2221 4920 praeteritum
2254 4853 2453 4906 retulit
2486 4853 2603 4906 siue
2642 4853 2717 4904 ad
2750 4853 3209 4908 consuetudinem

657 4925 958 4980 nautarum
1003 4919 1202 4976 retulit
1247 4923 1448 4988 quibus
1491 4939 1670 4992 parua
1717 4921 2007 4992 nauigatio
2056 4923 2321 4976 diuturna
2360 4923 2589 4976 uidetur
2630 4925 2733 4978 aut
2776 4925 2999 4976 tandem
3042 4925 3113 4978 ad
3148 4925 3209 4978 id

657 5001 882 5064 tempus
919 4993 1158 5048 refertur
1195 5009 1264 5046 ex
1299 5009 1410 5060 quo
1447 4993 1594 5048 troia
1627 4991 1961 5060 nauigatum
1996 4995 2087 5048 est
2124 4995 2177 5046 T
2216 4995 2235 5064 ΙΙ
2278 4993 2501 5048 rettulit
2540 4993 2625 5061 011
2668 4999 2735 5048 20
2772 4995 2915 5048 hora.
2950 5011 3015 5048 ex
3052 5011 3209 5050 mora

661 5067 712 5124 0
749 5069 768 5138 ΙΙ
811 5067 970 5138 gruit
1003 5065 1074 5120 H
1109 5063 1126 5134 ΙΙ
1173 5061 1464 5132 caphereis
1499 5063 1556 5116 R
1611 5063 1860 5132 capraeis
1897 5063 2021 5116 GH
