3900 5784
1289 625 1516 682 COMM.
1555 625 1632 680 IN
1671 623 1882 680 VERG.
1925 623 2095 680 AEN.
2136 621 2267 678 VIII
2306 627 2603 678 648--652.
3080 623 3209 686 293

825 795 970 860 649.
1047 809 1264 854 ILLVM
1305 787 1616 854 Coclitem
1667 787 1906 854 scilicet.
1982 791 2051 850 et
2092 787 2287 852 modo
2326 783 2597 852 ‘Cocles'
2644 789 2713 854 in
2758 789 2881 854 hoc
2930 787 3209 872 homine,

645 903 724 966 de
763 923 886 984 quo
929 899 1110 974 dicit,
1159 897 1490 980 proprium
1533 899 1630 960 est
1667 917 1930 978 nomen,
1974 893 2049 956 in
2084 893 2231 956 aliis
2274 893 2767 978 appellativum,
2804 919 2957 962 nam
2994 899 3207 962 luscos

647 999 960 1072 ‘coclites'
1001 1004 1306 1068 dixerunt
1339 1003 1618 1086 antiqui:
1661 1001 1822 1066 unde
1853 1005 1924 1066 et
1952 999 2273 1086 Cyclopas
2312 1001 2627 1066 ‘coclites'
2668 1003 2945 1088 legimus
2984 1005 3209 1088 dictos,

645 1115 816 1196 quod
879 1133 1078 1176 unum
1147 1113 1402 1176 oculum
1465 1109 1774 1174 habuisse
1835 1109 2287 1192 perhibentur:
2348 1111 2535 1190 quasi
2592 1113 3111 1194 στρογγυλῶποες
3170 1133 3211 1176 a

641 1219 1036 1284 rotunditate.
1857 1271 1862 1278 .
3248 1233 3281 1280 5

823 1325 970 1390 651.
1047 1343 1318 1392 vmcms
1363 1343 1674 1390 INNARET
1723 1343 2031 1392 cLoEmA
2084 1343 2333 1392 RVPTIS
2396 1325 2573 1408 atqui
2634 1323 2891 1390 obsides
2942 1349 3075 1392 non
3134 1325 3207 1390 li·
3270 1411 3275 1418 .

643 1435 906 1516 gantur3
955 1433 1066 1496 sed
1109 1433 1330 1496 vincla
1375 1455 1494 1514 pro
1545 1433 1850 1496 custodiis
1893 1433 2313 1514 accipiamu3‚
2360 1435 2473 1494 aut
2508 1437 2663 1496 certe
2684 1451 2807 1514 pro
2838 1433 3207 1514 foederibusz

643 1543 756 1602 aut
805 1543 976 1604 certe
1027 1537 1270 1622 ‘ruptis
1315 1539 1546 1604 vinclis
1589 1537 1858 1622 pontis',
1913 1539 1975 1602 id
2028 1541 2127 1602 est
2172 1541 2375 1622 ponte
2420 1540 2723 1604 resoluto,

823 1645 968 1710 652.
1045 1665 1118 1710 IN
1177 1661 1418 1710 SVMMO
1473 1661 1730 1710 ovs'ros
1793 1661 2145 1708 TARPEIAE
2198 1661 2509 1710 MANLIVS
2562 1661 2765 1712 ARGIs
2822 1647 2893 1710 in
2952 1669 3207 1712 summa

641 1751 832 1836 clipei
871 1757 1086 1836 parte3
1133 1771 1288 1816 nam
1309 1757 1528 1832 postea
1561 1751 1660 1814 ait
1687 1751 1906 1834 <675>
1945 1751 2041 1814 ‘in
2072 1751 2273 1816 medio
2308 1751 2531 1816 classes
2564 1751 2863 1816 aeratas'.
2928 1757 2993 1816 et
3032 1753 3205 1816 bona
3248 1767 3309 1814 10

643 1861 892 1922 ratione
951 1859 1160 1922 utitur
1213 1857 1288 1920 in
1329 1859 1582 1940 pictura
1633 1861 1790 1940 apta
1831 1859 2177 1940 unicuique
2222 1859 2317 1922 rei
2366 1859 2511 1922 loca
2554 1857 2967 1922 distribuens,
3056 1859 3203 1924 ideo

639 1965 812 2028 enim
857 1963 928 2026 in
973 1985 1226 2028 summa
1275 1961 1462 2048 clipei
1509 1967 1692 2048 parte
1741 1963 1900 2028 dicit
1943 1963 2193 2030 factum
2232 1985 2375 2030 esse
2414 1961 2835 2048 Capitolium,
2886 1965 3035 2048 quia
3080 1963 3203 2030 hoc

639 2091 850 2134 arcem
919 2069 1094 2134 urbis
1165 2093 1304 2134 esse
1371 2071 1790 2136 manifestum
1855 2075 1971 2138 est.
2060 2071 2207 2138 haec
2268 2071 2547 2136 historia
2602 2075 2807 2136 aeotem
2868 2071 3021 2138 talis
3074 2075 3199 2136 est:

639 2177 898 2242 Brenno
949 2175 1102 2240 duce
1155 2177 1438 2242 Senones
1485 2177 1658 2244 Galli
1703 2183 2023 2242 venerunt
2066 2179 2149 2244 ad
2192 2179 2423 2242 urbem
2470 2183 2537 2244 et
2580 2179 2753 2244 circa
2798 2177 3043 2244 Alliam
3092 2177 3203 2242 flu·-

643 2285 818 2348 vium
865 2287 1306 2348 occurrentem
1351 2285 1476 2348 sibi
1527 2285 1902 2350 deleverunt
1945 2281 2293 2352 exercitun']
2334 2309 2593 2352 ornnem
2642 2287 2867 2372 populi
2906 2285 3201 2350 Romani.
3244 2297 3307 2348 15

643 2393 896 2474 aliaque
961 2391 1064 2454 die
1129 2413 1276 2454 cum
1347 2393 1588 2456 vellent
1655 2393 1910 2476 ingredi
1984 2393 2345 2474 civitatem,
2420 2393 2629 2476 primo
2692 2393 2983 2458 cunctati
3048 2395 3203 2456 sunt

641 2497 944 2560 timentes
991 2495 1292 2580 insidias„
1339 2497 1492 2580 quia
1537 2501 1604 2560 et
1651 2501 1944 2580 patentes
1994 2501 2215 2580 portas
2268 2501 2333 2562 et
2372 2499 2619 2562 nullum
2666 2497 2737 2562 in
2782 2497 2987 2562 muris
3032 2497 3203 2560 vide-

637 2605 814 2668 bant.
891 2607 1116 2686 postea
1165 2603 1478 2686 paulatim
1527 2603 1802 2688 ingressi
1851 2607 2081 2668 cuncta
2130 2607 2471 2668 vastarunt
2520 2607 2667 2670 octo
2714 2603 2991 2690 integris
3028 2627 3203 2668 men-

643 2711 850 2794 sibus,
891 2711 1050 2774 adeo
1087 2715 1162 2776 ut
1197 2731 1362 2796 quae
1401 2711 1738 2776 incendere
1777 2713 2273 2794 nonhpoterant,
2310 2711 2583 2774 militari
2622 2733 2813 2774 manu
2856 2711 3203 2794 diruerent,

641 2819 782 2882 solo
827 2823 1202 2882 remanente
1243 2815 1564 2900 Capitolio
1573 2869 1594 2900 ,
1643 2817 1720 2882 ad
1769 2819 1936 2900 quod
1990 2839 2135 2882 cum
2178 2817 2567 2882 utensilibus
2618 2819 2853 2902 reliqui
2894 2817 3201 2902 confuge·
3242 2831 3307 2880 20

641 2929 790 2990 rant
853 2925 1060 2990 cives:
1123 2925 1230 3010 qui
1291 2927 1516 2988 tamen
1569 2947 1610 2988 a
1667 2909 1874 2990 Gallis
1939 2925 2407 2990 obsidebantur
2472 2925 2669 2988 etiarn
2734 2925 2795 2988 id
2862 2927 3201 3008 penetrare

637 3031 1072 3114 cupientibus,
1121 3053 1282 3116 quos
1327 3031 1440 3096 alii
1489 3053 1606 3116 per
1645 3031 1906 3094 dumeta
1943 3035 2013 3094 et
2048 3053 2203 3096 saxa
2246 3053 2499 3116 aspera,
2546 3031 2659 3096 alii
2704 3053 2819 3114 per
2868 3031 3197 3096 cuniculos

639 3139 860 3202 dicunt
923 3141 1190 3202 conatos
1261 3137 1618 3202 ascendere.
1711 3141 1868 3202 tunc
1917 3135 2231 3220 Manlius,
2296 3139 2535 3202 custos·
2570 3135 2909 3222 Capitolii,
2972 3135 3197 3200 Gallos

637 3245 914 3310 detrusit
959 3267 1036 3308 ex
1081 3267 1258 3328 aree,
1303 3245 1610 3330 clangore
1657 3243 1902 3308 anseris
1952 3245 2271 3308 excitatus
2278 3295 2297 3328 ,
2358 3265 2547 3327 quem
2596 3243 2887 3328 privatus
2932 3245 3197 3328 quidam

639 3353 806 3418 dono
845 3353 1078 3416 Iunoni
1131 3351 1420 3416 dederat:
1465 3371 1744 3434 namque
1789 3351 2141 3416 secundum
2178 3349 2465 3414 Plinium
2512 3351 2765 3414 nullum
2816 3351 3055 3414 animal
3104 3351 3197 3412 ita
3236 3361 3299 3410 25

633 3459 898 3524 odorem
943 3459 1228 3524 hominis
1277 3459 1492 3522 sentit.
1579 3479 1706 3540 qua
1753 3479 1942 3524 causa
1978 3463 2195 3542 postea
2242 3477 2305 3524 eo
2354 3459 2453 3522 die
2498 3479 2615 3540 quo
2656 3455 2767 3522 hoc
2804 3459 3045 3536 factum
3092 3461 3193 3534 cst,

631 3587 808 3630 canes
863 3565 970 3646 qui
1025 3569 1168 3628 tunc
1219 3563 1582 3628 dormientes
1637 3583 1762 3628 non
1803 3569 2147 3642 senserant,
2202 3563 2369 3628 cruci
2420 3563 2895 3648 sufftyebantur‚
2948 3581 3195 3628 anseres

631 3693 786 3736 auro
853 3677 910 3734 et
955 3691 1252 3752 purpura
1303 3671 1586 3734 exornati
1639 3671 1710 3734 in
1765 3671 1989 3734 lecticis
2032 3671 2449 3752 qestabantur.
2538 3691 2689 3734 sane
2748 3671 2849 3734 hic
2900 3671 3191 3734 Manlius
3276 3673 3285 3682 ’

635 3819 646 3822 -
649 3815 688 3822 w..
693 3815 816 3822 -0—-

771 3887 802 3934 2
841 3899 970 3936 nam
1007 3881 1192 3936 luscos
1233 3925 1244 3936 .
1279 3923 1288 3936 .
1321 3923 1334 3936 .
1373 3881 1758 3950 perhibentur]
1795 3895 1967 3934 execr.
2010 3879 2137 3936 Isid.
2176 3897 2255 3932 or.
2284 3879 2339 3932 X
2368 3887 2485 3938 163.
2526 3881 2595 3938 cf.
2630 3881 2809 3936 Varro
2850 3881 2899 3934 (1.
2940 3879 2977 3932 1.
3016 3881 3055 3934 1.
3086 3881 3189 3936 VII

633 3959 696 4008 71
737 3955 756 4022 ΙΙ
797 3959 866 4006 25
903 3951 1124 4006 nullum
1161 3995 1174 4008 .
1205 3995 1218 4006 .
1251 3997 1264 4010 .
1301 3951 1498 4024 sentit]
1537 3971 1712 4006 exscr.
1749 3951 1880 4006 Isid.
1917 3969 1997 4006 or.
2032 3951 2139 4006 XII
2178 3957 2229 4020 ⁷,
2268 3957 2333 4006 72

775 4159 796 4202 l
851 4149 1108 4202 coclitem
1153 4151 1300 4204 RFz
1351 4151 1622 4204 cocletem
1657 4147 1768 4202 AS
1829 4147 1890 4202 id
1935 4149 2027 4202 est
2072 4147 2349 4202 cocletem
2384 4147 2435 4202 L
2502 4163 2841 4216 porsennam
2878 4149 2955 4202 M
3002 4147 3063 4202 id
3102 4149 3189 4202 est

625 4237 958 4292 porsennam
999 4223 1030 4274 l.
1057 4223 1078 4286 ss
1109 4222 1276 4274 coelis
1303 4219 1366 4274 F
1387 4223 1406 4288 ΙΙ
1431 4221 1492 4274 in
1527 4221 1634 4294 hoc
1669 4221 1792 4274 loco
1835 4221 1902 4274 de
1941 4235 2009 4274 00
2046 4217 2187 4274 dicit
2216 4219 2275 4272 F
2296 4221 2317 4288 Ι]
2348 4223 2377 4272 2
2414 4219 2567 4274 lucos
2606 4235 2671 4274 ex
2706 4221 2865 4272 Iocus
2894 4219 2957 4270 F
2978 4221 2997 4288 Ι]
3022 4225 3055 4272 3
3096 4235 3183 4274 00-

625 4294 758 4346 litas
793 4289 858 4344 F
901 4293 918 4360 Ι]
973 4289 1198 4346 coclites
1241 4293 1576 4346 Masvicius:
1629 4289 1862 4346 coclitas
1897 4289 2189 4344 ASMFl
2242 4289 2449 4344 coeliae
2486 4289 2605 4344 RL
2646 4293 2667 4358 ΙΙ
2722 4295 2755 4342 4
2790 4289 3181 4360 perhibentur]

627 4365 862 4418 Plautus
901 4363 962 4416 in
999 4361 1316 4418 curculione
1357 4367 1420 4432 (v.
1463 4369 1564 4418 393
1607 4363 1724 4430 Fl.)
1765 4361 1858 4418 ‘de
1897 4361 2173 4416 Coclitum
2224 4361 2487 4430 prosapia
2518 4363 2579 4416 te
2618 4379 2737 4418 esse
2774 4361 3017 4416 arbitror
3054 4379 3183 4416 nam

625 4435 664 4486 ii
703 4437 836 4488 sunt
873 4433 1120 4488 unoculi’
1161 4437 1288 4490 add.
1321 4435 1382 4486 D
1405 4437 1426 4504 ΙΙ
1455 4433 1744 4504 strangylo
1781 4451 1916 4502 opas
1962 4433 2021 4486 F
2072 4431 2349 4502 strangilo
2384 4451 2521 4502 opas
2564 4433 2659 4504 Gn
2690 4439 2723 4488 5
2754 4433 3041 4486 runditate
3080 4433 3131 4488 G
3164 4433 3185 4502 ΙΙ

627 4511 656 4560 7
693 4505 1004 4574 accipimus
1039 4505 1104 4558 F
1151 4507 1168 4574 ΙΙ
1225 4511 1258 4560 8
1293 4505 1358 4556 id
1393 4509 1482 4562 est
1517 4505 1688 4558 etiam
1729 4507 1898 4574 ponte
1939 4505 2047 4560 AS
2110 4505 2167 4560 id
2206 4505 2291 4560 est
2328 4505 2443 4560 iam
2480 4507 2645 4574 ponte
2688 4505 2745 4560 R
2756 4505 2833 4558 M
2880 4505 2899 4574 ΙΙ
2958 4511 3019 4556 12
3062 4517 3183 4558 esse

623 4577 836 4630 factum
877 4577 934 4630 F
965 4579 984 4646 ι]
1031 4583 1100 4630 14
1135 4581 1192 4630 et
1231 4595 1330 4634 om.
1373 4577 1432 4632 F
1455 4577 1474 4648 ΙΙ
1511 4577 1676 4632 aliam
1719 4577 1774 4630 R
1831 4577 2005 4632 allum
2038 4577 2095 4630 L
2132 4577 2353 4644 (allium
2388 4577 2429 4646 Ζ)
2486 4576 2659 4630 alium
2702 4577 2761 4630 F
2790 4577 2813 4644 ΙΙ
2856 4581 2919 4628 15
2962 4593 3183 4630 omnem

623 4645 954 4700 deleberunt
991 4649 1294 4702 exercitum
1325 4649 1388 4702 F
1405 4651 1426 4718 ΙΙ
1459 4655 1522 4704 17
1559 4649 1786 4702 insidias
1825 4649 2091 4706 timentes
2120 4649 2181 4702 F
2204 4651 2223 4718 ΙΙ
2252 4655 2319 4702 18
2348 4647 2637 4704 uastantes
2664 4649 2719 4700 L
2754 4649 3071 4716 (uastarunt
3098 4651 3135 4716 l)
3164 4647 3179 4712 11

627 4721 688 4768 19
733 4719 898 4788 quae]
941 4735 1010 4772 ea
1043 4737 1186 4788 quae
1231 4721 1302 4772 M
1337 4723 1358 4790 l]
1397 4723 1702 4790 potuerant
1737 4719 1790 4772 R
1817 4721 1838 4788 Ι]
1879 4721 2135 4776 delerent
2170 4721 2227 4772 R
2282 4721 2575 4778 diruerunt
2610 4719 2739 4774 LF
2786 4721 3075 4774 diruerant
3110 4721 3127 4774 l
3164 4721 3181 4788 ΙΙ

625 4791 690 4836 20
733 4787 1126 4856 confugierunt
1163 4791 1228 4842 F
1261 4793 1278 4862 ΙΙ
1335 4797 1398 4844 21
1441 4791 1500 4844 id
1535 4809 1604 4844 ex
1639 4791 1714 4844 ad
1749 4789 1802 4842 L
1849 4793 1870 4858 ΙΙ
1919 4797 1991 4844 22
2018 4793 2183 4860 pri-us
2222 4789 2321 4844 alii
2356 4807 2459 4844 om.
2496 4793 2609 4848 AS
2644 4793 2663 4862 ΙΙ
2720 4797 2785 4844 23
2828 4791 3089 4844 manilius
3124 4789 3181 4844 R

619 4855 844 4934 mallius
883 4859 1136 4916 LMFa
1169 4865 1188 4930 ΙΙ
1237 4869 1304 4916 24
1343 4865 1408 4916 de
1449 4877 1578 4916 aree
1615 4861 1724 4916 AS
1757 4863 1776 4930 Ι]
1823 4859 2101 4934 privatus]
2138 4863 2399 4932 princeps
2436 4879 2701 4932 superser.
2740 4879 2767 4916 8
2802 4865 2823 4932 Ι]
2864 4867 2935 4916 26
2972 4861 3179 4916 sentire

621 4925 826 4976 (11011111ι
865 4927 924 4980 F
963 4931 982 5000 ΙΙ
1035 4933 1234 5004 sentit]
1279 4935 1430 5000 quod
1471 4935 1688 4988 ouidius
1725 4931 1786 4988 in
1823 4935 2191 5006 metamorph.
2232 4931 2309 5002 (II
2346 4937 2473 5006 538)
2504 4936 2831 5006 intelligens
2868 4933 3011 4988 dixit
3054 4935 3179 4988 ‘nec

623 4993 926 5052 sci-naturis
965 5001 1128 5070 uigili
1165 5003 1446 5074 Capitolia
1493 5023 1628 5060 uoce
1677 5003 1930 5062 crederet
1976 5005 2285 5062 anseribus’
2330 5007 2457 5062 add.
2496 5009 2555 5064 D
2606 5013 2627 5080 Ι]
2680 5013 2747 5064 28
2786 5023 3029 5078 purpura
3070 5005 3129 5060 F
3160 5003 3183 5078 ΙΙ

623 5063 864 5120 Manlius
901 5069 1132 5126 Daniel:
1171 5073 1430 5128 manibus
1473 5075 1532 5130 F
1825 5061 1858 5094 Ο
