3900 5784
573 1777 640 1824 10

689 633 820 698 302
1841 637 2083 692 SERVH

685 819 838 862 nam
879 819 1012 860 non
1061 795 1218 862 dicit
1261 819 1332 860 re
1377 819 1530 862 vera
1575 795 1826 864 τ110111ιῖ
1899 799 2083 882 (non)
2132 801 2323 864 ‘nova
2356 819 2511 864 arva
2524 797 2563 882 ²,
2604 801 2711 864 sed
2754 799 2945 864 ‘nova
2988 797 3231 864 eaede':

683 907 994 968 Homerus
1043 903 1438 988 ἐρυθαίνετο
1485 901 1550 968 δ’
1599 907 1826 990 αἵματι
1869 915 2047 988 γαῖα.
2116 909 2221 972 sed
2262 927 2387 970 non
2434 913 2521 970 est
2560 905 2671 970 hoe
2714 903 3115 972 ‘rubescunt'.

861 1011 1008 1076 696.
1083 1029 1338 1076 PATRIO
1383 1029 1614 1078 vocA‘r
1657 1029 1932 1078 AemmA
1966 1029 2203 1078 slsruo
2252 1011 2599 1096 Cleopatra
2650 1011 2775 1076 sibi
2818 1015 3073 1076 tantum
3124 1011 3229 1074 ad-

685 1123 1074 1202 sumpserat,
1123 1125 1196 1182 ut
1239 1141 1312 1182 se
1353 1117 1490 1182 Isin
1539 1121 1734 1186 vellet
1779 1119 1999 1184 videri.
2074 1119 2197 1184 Isis
2244 1123 2461 1182 autem
2508 1121 2605 1184 est
2656 1119 2883 1202 genius
2924 1119 3233 1204 Aegypti,

687 1227 798 1308 qui
843 1247 960 1308 per
1005 1225 1186 1290 sistri
1227 1227 1506 1308 motum,
1555 1227 1722 1308 quod
1769 1227 1938 1308 gerit
1982 1227 2053 1290 in
2098 1227 2347 1308 dextra,
2398 1225 2537 1290 Nili
2582 1245 2879 1290 accessus
2918 1247 3229 1290 recessus-

685 1353 808 1414 que
865 1331 1216 1416 signifieat:
1281 1353 1398 1416 per
1453 1331 1742 1416 situlam,
1809 1353 2003 1416 quam
2062 1333 2325 1396 sinistra
2380 1353 2573 1398 manu
2626 1333 2893 1416 retinet,
2948 1333 3233 1396 ostendit

681 1439 1010 1502 fluentiam
1071 1437 1356 1500 omnium
1413 1439 1806 1504 lacunarum.
1897 1439 2023 1504 Isis
2070 1443 2289 1502 autem
2340 1437 2567 1524 lingua
2614 1437 3079 1524 Aegyptiorum
3132 1443 3229 1502 est

679 1549 878 1626 terra,
925 1567 1116 1628 quam
1165 1545 1302 1608 Isin
1345 1545 1576 1610 volunt
1619 1569 1780 1610 esse.
1865 1545 2029 1608 hane
2074 1545 2233 1610 Isim
2280 1551 2333 1608 et
2378 1545 2537 1610 alios
2578 1547 2715 1608 deos
2760 1547 2893 1608 ideo
2938 1547 3229 1626 Aeyyptii

677 1653 906 1732 colunt,
949 1653 1098 1734 quia
1145 1653 1284 1718 deos
1325 1673 1488 1736 reyes
1533 1653 1812 1718 habuisse
1853 1655 2177 1728 dicuntur,·
2222 1673 2359 1736 erqo
2408 1653 2475 1716 in
2524 1653 2911 1734 obprobrium
2950 1653 3225 1716 Alexan-

675 1761 852 1824 drini
915 1763 1208 1826 exereitus
1259 1781 1380 1842 pro
1445 1761 1692 1826 classico
1755 1761 2013 1828 sistrum
2068 1761 2293 1842 posuit.
2380 1761 2543 1842 quod
2602 1765 2803 1824 autem
2868 1759 2959 1824 ait
3010 1759 3043 1846 f
3056 1767 3231 1824 vocat

639 1887 648 1900 ¹
677 1865 978 1950 aymina'‚
1025 1867 1134 1932 hoe
1177 1873 1266 1932 est
1305 1869 1466 1948 quod
1509 1869 1792 1950 sefflerius
1831 1869 2063 1932 dictum
2106 1873 2195 1932 est
2234 1869 2449 1952 <678>
2500 1871 2557 1932 et
2588 1869 2911 1950 Auyustus
2950 1867 3025 1930 in
3064 1887 3225 1932 oom-

569 2311 636 2358 15

561 2845 632 2892 20

557 3381 628 3426 25

675 1975 1106 2038 memoratione
1143 1975 1302 2036 vitae
1331 1995 1482 2046 suae
1515 1975 1722 2056 refert,
1761 1973 2171 2038 Antonium
2212 1977 2527 2040 iussisse
2566 1981 2649 2040 ut
2690 1975 3011 2056 leyiones
3052 1995 3229 2040 suae

673 2079 870 2160 apud
915 2077 1380 2160 Cleopatram
1435 2079 1878 2142 excubarent
1925 2081 2223 2160 eiusque
2266 2085 2449 2142 nutu
2496 2085 2561 2144 et
2602 2083 2811 2146 iussu
2848 2087 3225 2164 parerent.

673 2185 816 2250 bene
855 2205 994 2268 erqo
1041 2183 1244 2250 ‘vocat
1287 2183 1570 2266 aymina’
1617 2207 1776 2268 quae
1815 2187 2061 2268 siynum
2106 2187 2307 2250 dabat.

851 2295 1000 2358 697.
1071 2309 1118 2354 Α
1157 2307 1390 2356 TERGO
1429 2309 1746 2358 RESPIOIT
1785 2309 2059 2358 ANGVES
2096 2293 2221 2358 1100
2260 2295 2387 2376 est,
2428 2295 2713 2358 noudum
2752 2293 3019 2358 videbat
3052 2317 3223 2358 mor-

673 2403 806 2462 tem
861 2399 1168 2462 futuram.
1259 2399 1530 2462 traditur
1567 2403 1734 2464 'enim
1789 2421 1866 2462 ne
1917 2403 2009 2464 ad
2048 2399 2425 2482 triumphum
2472 2399 2749 2480 Auyusti
2794 2407 3223 2486 reservaretur,

669 2505 922 2570 admota
953 2505 1074 2568 sibi
1109 2505 1322 2586 aspide
1355 2505 1652 2584 defecisse.
1727 2511 1856 2570 tum
1905 2503 2239 2590 ‘yeminos',
2282 2527 2419 2568 eum
2460 2527 2659 2570 unum
2702 2507 2823 2570 sibi
2868 2507 3221 2570 admoverit.

849 2613 996 2676 698.
1069 2629 1270 2676 DEVM
1313 2627 1644 2676 MONSTRA
1695 2613 1840 2676 ideo
1893 2611 2251 2676 ‘monstra'
2296 2613 2485 2696 dixit,
2544 2613 2695 2696 quia
2752 2613 2871 2676 sub
2918 2613 3219 2698 Augusto

669 2719 938 2784 necdum
977 2717 1258 2782 Romani
1293 2715 1620 2802 Aegyptia
1667 2741 1852 2790 sacra
1895 2701 2329 2804 susceperant.
2402 2725 2457 2784 et
2502 2721 2861 2784 admittebat
2902 2721 3065 2784 loeus
3098 2741 3221 2802 pro

671 2825 848 2890 laude
875 2825 1148 2906 Auyusti
1181 2827 1424 2908 aliquid
1455 2827 1644 2892 etiam
1677 2827 1752 2890 in
1785 2827 1922 2892 deos
1958 2827 2377 2920 inclementius
2410 2829 2547 2892 diei.
2622 2829 2815 2892 Varro
2858 2829 3223 2910 indiqnatur

667 2933 1130 2998 Alemandrinos
1173 2935 1312 2998 deos
1355 2933 1590 2998 Romae
1635 2933 1768 3000 coli.
1945 2953 2319 3000 LATRATOR
2362 2953 2613 3000 ANVBIS
2660 2935 2811 3018 quia
2860 2935 3067 3016 capite
3118 2957 3217 3000 ca-

667 3039 822 3104 nino
869 3039 1188 3124 pingitur,
1233 3039 1408 3104 hunc
1443 3041 1674 3106 volunt
1709 3063 1848 3104 esse
1889 3041 2305 3126 Mercurium,
2352 3041 2497 3106 ideo
2534 3043 2683 3126 quia
2718 3041 2885 3106 nihil
2920 3045 3021 3106 est
3056 3063 3217 3106 cane

669 3147 982 3232 sagacius·
1055 3147 1204 3210 bello
1251 3151 1452 3210 autem
1503 3147 1842 3230 Giyantum
1879 3147 2093 3228 plures·
2136 3151 2275 3214 deos
2312 3149 2599 3228 ferarum
2638 3149 2879 3228 formas
2920 3151 3219 3230 accepisse

665 3255 950 3318 traditur.

843 3361 990 3426 699.
1065 3379 1344 3426 CONTRA
1407 3357 1788 3428 NEPTVNVM
1855 3359 2211 3426 Homerum
2278 3361 2593 3446 sequitur,
2666 3363 2777 3444 qui
2842 3361 2995 3424 deos
3058 3363 3219 3426 dicit

665 3473 888 3544 contra
933 3489 1006 3532 se
1049 3491 1168 3552 pro
1217 3469 1492 3534 diversis
1537 3471 1834 3552 partibus
1881 3469 2121 3534 habere
2162 3473 2511 3534 certarnen.-
2578 3473 2635 3532 et
2666 3469 2921 3548 quidam
2962 3469 3217 3534 latenter

803 3649 834 3696 2
877 3641 1172 3714 Homerus]
1211 3643 1274 3698 Il.
1301 3643 1354 3696 X
1383 3649 1488 3698 484
1515 3648 1530 3716 ΙΙ
1557 3651 1594 3698 4
1629 3645 1732 3698 Isis
1765 3645 1953 3696 autem
1986 3687 1999 3700 .
2020 3685 2031 3698 .
2056 3687 2067 3696 .
2098 3643 2295 3698 volunt
2332 3645 2477 3714 esse]
2518 3659 2687 3698 exscr.
2728 3645 3007 3714 mythogr.
3034 3643 3089 3696 II
3116 3651 3211 3710 903

663 3713 742 3768 III
779 3721 826 3782 7,
867 3715 944 3786 411
983 3719 1046 3768 21
1089 3717 1222 3784 quia
1259 3757 1270 3768 .
1301 3757 1314 3768 .
1347 3757 1360 3768 .
1401 3715 1680 3786 sagacius]
1719 3731 1892 3768 exscr.
1929 3713 2207 3786 mythogr.
2246 3715 2295 3768 ΙΙ
2336 3721 2401 3768 42
2430 3717 2451 3786 ΙΙ
2494 3723 2559 3770 26
2600 3719 2655 3770 et
2692 3715 2919 3784 quidam
2962 3731 3007 3768 e.
3046 3735 3101 3784 q.
3138 3717 3209 3786 s.]

663 3787 730 3840 cf.
771 3785 900 3844 Isid.
937 3801 1016 3842 or.
1053 3783 1158 3840 XII
1195 3793 1248 3858 6,
1285 3793 1380 3856 34ς
1417 3787 1554 3844 Don.
1597 3789 1668 3842 ad
1707 3785 1830 3842 Ter.
1871 3785 2039 3842 Andr.
2080 3787 2155 3842 IV
2192 3795 2245 3858 3,
2280 3795 2377 3854 243
2416 3803 2615 3840 comm.
2650 3785 2783 3842 Luc.
2822 3787 2899 3850 Ἦ
2938 3793 3039 3842 675

807 3957 832 4002 1
875 3967 1006 4002 nam
1039 3965 1152 4002 non
1179 3949 1288 4002 Rl:
1325 3965 1458 4002 nam
1487 3933 1812 4004 ASLHM
1865 3915 2011 4002 anon
2046 3947 2111 4002 F
2158 3965 2271 4002 non
2298 3965 2337 4002 a
2364 3950 2381 4017 ΙΙ
2416 3949 2587 4020 nova]
2624 3965 2773 4002 naua
2806 3947 2875 4002 F.
2934 3965 3061 4002 cum
3100 3947 3213 4002 alia

559 4073 564 4076 .
659 4019 868 4074 fuerint
905 4019 1056 4092 bella
1095 4019 1284 4074 civilia
1319 4023 1380 4074 et
1413 4021 1614 4074 caedes
1659 4017 1806 4074 aliae
1855 4019 1910 4072 in
1958 4017 2097 4090 ipsis
2134 4021 2261 4074 add.
2296 4019 2603 4074 Fabricius
2652 4017 2671 4086 ΙΙ
2726 4035 2839 4074 non
2880 4035 3031 4072 noua
3078 4035 3213 4074 arva

761 4093 772 4104 .
849 4095 882 4128 ‚0
1785 4093 1792 4116 ι
2332 4097 2353 4110 s
2802 4093 2813 4104 ·
3040 4089 3059 4116 e

657 4089 2389 4234 {Quassus}tzpssssssssflssfflilsiffi13⁰aa11atat
2422 4107 2517 4216 ἓέἷ·
2546 4089 3031 4242 ᾗὲἔῗᾶῗὲεὲἓῖι.
3064 4107 3211 4218 ’ἐὲἓὲ

657 4233 1034 4290 Burmannus,
1095 4233 1192 4288 sed
1223 4277 1236 4290 .
1261 4275 1272 4290 .
1295 4275 1308 4286 .
1337 4233 1640 4288 rubescunt
1665 4233 1993 4286 secludenda
2016 4233 2271 4286 videntur
2298 4233 2317 4302 ῙΙ
2348 4239 2377 4284 6
2414 4249 2515 4302 per
2550 4233 2829 4288 slstollam
2858 4233 2925 4286 H
2958 4233 3211 4302 (alterum

655 4323 678 4358 s
709 4305 824 4360 ead.
855 4323 1002 4360 man.
1029 4305 1152 4366 del.)
1189 4321 1290 4374 per
1317 4305 1560 4356 sitellam
1593 4305 1654 4358 F
1673 4307 1694 4374 ΙΙ
1739 4309 1768 4356 ’ἵ
1797 4301 2157 4356 adfluentium
2188 4301 2251 4356 F
2270 4305 2287 4374 1]
2316 4303 2665 4374 lacunarum]
2698 4305 3053 4358 lacrimarum
3084 4305 3207 4362 AS.

653 4377 690 4430 1.
729 4393 776 4428 0.
823 4377 1100 4432 fossarum
1143 4375 1202 4428 iu
1251 4391 1388 4440 quas
1431 4375 1580 4428 nilus
1635 4377 1898 4442 stagnans
1945 4373 2323 4440 recipiebatur
2368 4375 2497 4428 add.
2534 4377 2597 4428 D
2656 4377 2677 4444 ΙΙ
2740 4375 2863 4444 Isis]
2912 4375 2999 4428 Sis
3038 4375 3147 4428 AS
3190 4377 3205 4446 Ιξ

655 4451 686 4498 8
717 4449 870 4500 terra
895 4463 994 4500 om.
1013 4447 1070 4500 A
1107 4449 1116 4516 1
1143 4443 1256 4498 alio
1283 4443 1348 4496 F
1371 4447 1526 4512 (corr.
1545 4445 1776 4510 Daniel)
1803 4447 1824 4515 ΙΙ
1855 4443 2083 4512 aegypti
2114 4443 2173 4496 F
2218 4443 2451 4512 aegiptii
2482 4443 2529 4496 G
2556 4449 2577 4512 Η
2606 4451 2635 4498 9
2666 4445 2829 4516 quia]
2866 4463 2919 4512 q:
2952 4445 3011 4498 F
3044 4449 3085 4512 ξ
3112 4445 3161 4500 G
3190 4447 3211 4518 Η

655 4525 722 4572 10
761 4517 1018 4572 sistorum
1143 4519 1158 4590 fl
1203 4521 1268 4570 12
1305 4513 1530 4584 legione
1571 4517 1622 4570 G
1647 4519 1666 4582 ΙΙ
1703 4531 1828 4570 suas
1865 4515 1924 4566 F
1960 4519 1977 4578 ΙΙ
2020 4521 2085 4568 13
2126 4513 2479 4584 Cleopatram
2516 4515 2747 4572 Daniel:
2786 4517 3109 4570 decoratum
3146 4517 3211 4572 F

651 4589 980 4646 decorarum
1021 4587 1074 4642 G
1101 4593 1120 4662 ΙΙ
1147 4587 1486 4642 excuberant
1521 4587 1582 4638 F
1603 4589 1624 4658 ΙΙ
1647 4587 1828 4638 iussus
1867 4583 1926 4638 F
1947 4587 1969 4656 ΙΙ
1998 4591 2069 4640 16.
2100 4585 2389 4640 triumfum
2426 4585 2487 4638 F
2508 4587 2527 4656 ΙΙ
2554 4589 2941 4642 aeseruaretur
2976 4587 3049 4656 F,
3090 4605 3205 4644 cor-

603 4673 610 4680 ·’
649 4665 786 4716 remi.
827 4661 1218 4716 adservaretur
1253 4659 1464 4714 Daniel
1505 4659 1522 4728 ΙΙ
1571 4665 1634 4712 17
1675 4657 1902 4710 admota
1939 4657 2329 4712 Burmannus:
2366 4657 2595 4712 admoto
2630 4659 2695 4710 F
2730 4661 2749 4728 ΙΙ
2794 4657 3205 4716 defecisseztum

651 4731 882 4788 Daniel:
921 4731 1218 4786 defecisset
1255 4747 1380 4782 cum
1417 4727 1482 4782 F
1503 4732 1518 4800 ΙΙ
1549 4731 1624 4784 ad
1657 4747 1884 4782 {summos
1919 4747 1975 4782 A.
2004 4749 2051 4782 r.
2082 4749 2129 4784 u.
2158 4749 2211 4782 A.
2248 4743 2397 4796 supr.
2428 4743 2561 4782 vers.
2600 4729 2873 4798 pluralem
2910 4749 3205 4788 numerum

651 4803 844 4872 posuit
875 4821 978 4872 pro
1017 4801 1290 4872 singulari
1319 4799 1454 4870 quia
1479 4817 1650 4854 unum
1677 4815 1788 4852 non
1819 4801 1957 4854 duos
1984 4799 2093 4854 sibi
2118 4797 2371 4854 admouit
2400 4797 2455 4850 T
2476 4799 2495 4866 ll
2522 4799 2843 4856 admouerit
2866 4803 3201 4860 Masvieiust

651 4875 1046 4928 admoueretur
1075 4875 1144 4926 F.
1207 4889 1332 4926 cum
1369 4889 1506 4926 unus
1545 4869 1652 4926 sibi
1693 4869 2085 4926 admoueretur
2112 4871 2257 4926 Lion
2284 4872 2303 4940 ΙΙ
2336 4875 2397 4924 18
2438 4871 2509 4924 ad
2546 4887 2785 4926 noussen
2816 4897 2863 4930 E.
2890 4895 2941 4932 L.
2968 4895 3017 4932 A.
3048 4895 3199 4948 supr.

647 4963 780 5000 vers.
819 4945 1158 5004 admittebat
1203 4943 1360 4998 locus
1403 4961 1506 5010 pro
1557 4943 1724 4998 laude
1769 4941 1997 5012 augusti
2042 4941 2263 5010 aliquid·
2300 4943 2361 4996 in
2406 4941 2541 4996 deos
2590 4943 2977 5004 inclementius
3014 4949 3201 5006 dicere

651 5023 708 5072 et
743 5019 870 5070 ideo
905 5015 1196 5082 uituperat
1231 5031 1386 5068 sacra
1421 5031 1566 5082 quae
1607 5015 1802 5082 postea
1839 5015 2201 5080 susceperunt
2234 5013 2451 5066 romani
2492 5015 2541 5068 T
2582 5019 2713 5088 [1119
2752 5019 3053 5076 atmitebat
3088 5021 3149 5076 F
3182 5023 3199 5092 ΙΙ

649 5095 720 5142 20
755 5085 1130 5142 inclimentius
1169 5081 1234 5136 F
1253 5085 1272 5152 ΙΙ
1297 5083 1440 5152 dici]
1481 5085 1590 5138 cidi
1629 5085 1690 5136 F
1713 5087 1730 5156 ss
1765 5091 1830 5136 21
1873 5085 2003 5150 0011]
2040 5083 2149 5138 1100
2194 5083 2251 5136 F
2272 5087 2293 5154 ΙΙ
2338 5089 2401 5136 ‘23
2442 5083 2713 5142 ferratum
2750 5091 2815 5144 F
3196 5085 3199 5092 ’

2570 5241 2593 5300 s
