<?xml version="1.0" encoding="UTF-8"?>
<!DOCTYPE html PUBLIC "-//W3C//DTD XHTML 1.0 Transitional//EN"
    "http://www.w3.org/TR/xhtml1/DTD/xhtml1-transitional.dtd">
<html xmlns="http://www.w3.org/1999/xhtml" xml:lang="en" lang="en">
 <head>
  <title>
</title>
<meta http-equiv="Content-Type" content="text/html;charset=utf-8" />
  <meta name='ocr-system' content='tesseract 3.04.00' />
  <meta name='ocr-capabilities' content='ocr_page ocr_carea ocr_par ocr_line ocrx_word'/>
</head>
<body>
  <div class='ocr_page' id='page_1' title='image "./serviigrammatic00hagegoog_0177.png"; bbox 0 0 3900 5784; ppageno 0'>
   <div class='ocr_carea' id='block_1_1' title="bbox 1313 639 3227 704">
    <p class='ocr_par' dir='ltr' id='par_1_1' title="bbox 1313 639 3227 704">
     <span class='ocr_line' id='line_1_1' title="bbox 1313 639 3227 704; baseline 0.002 -4"><span class='ocrx_word' id='word_1_1' title='bbox 1313 645 1540 704; x_wconf 83' lang='lat' dir='ltr'><strong>COMM.</strong></span> <span class='ocrx_word' id='word_1_2' title='bbox 1581 647 1658 702; x_wconf 79' lang='lat' dir='ltr'>IN</span> <span class='ocrx_word' id='word_1_3' title='bbox 1695 645 1908 704; x_wconf 79' lang='lat' dir='ltr'><strong>VERG.</strong></span> <span class='ocrx_word' id='word_1_4' title='bbox 1952 645 2117 700; x_wconf 76' lang='lat' dir='ltr'>AEN.</span> <span class='ocrx_word' id='word_1_5' title='bbox 2152 647 2259 700; x_wconf 78' lang='lat' dir='ltr'>VII</span> <span class='ocrx_word' id='word_1_6' title='bbox 2294 653 2593 704; x_wconf 81' lang='lat'><strong>615—637.</strong></span> <span class='ocrx_word' id='word_1_7' title='bbox 2990 639 2995 644; x_wconf 81' lang='grc'><em>’</em></span> <span class='ocrx_word' id='word_1_8' title='bbox 3098 641 3227 704; x_wconf 76' lang='lat'>175</span> 
     </span>
    </p>
   </div>
   <div class='ocr_carea' id='block_1_2' title="bbox 661 809 3333 3140">
    <p class='ocr_par' dir='ltr' id='par_1_2' title="bbox 669 809 3227 1214">
     <span class='ocr_line' id='line_1_2' title="bbox 671 809 3227 896; baseline -0.001 -22"><span class='ocrx_word' id='word_1_9' title='bbox 671 809 846 874; x_wconf 87' lang='lat' dir='ltr'>nitas</span> <span class='ocrx_word' id='word_1_10' title='bbox 895 809 1084 872; x_wconf 87' lang='lat' dir='ltr'>creat.</span> <span class='ocrx_word' id='word_1_11' title='bbox 1267 827 1620 890; x_wconf 75' lang='lat' dir='ltr'>TIBVRQVE</span> <span class='ocrx_word' id='word_1_12' title='bbox 1665 827 2031 878; x_wconf 80' lang='lat' dir='ltr'>SVPERBVM</span> <span class='ocrx_word' id='word_1_13' title='bbox 2090 813 2201 874; x_wconf 88' lang='lat' dir='ltr'>aut</span> <span class='ocrx_word' id='word_1_14' title='bbox 2254 811 2501 878; x_wconf 84' lang='lat' dir='ltr'>nobile:</span> <span class='ocrx_word' id='word_1_15' title='bbox 2564 817 2675 876; x_wconf 91' lang='lat' dir='ltr'>aut</span> <span class='ocrx_word' id='word_1_16' title='bbox 2722 831 2837 896; x_wconf 83' lang='lat' dir='ltr'>per</span> <span class='ocrx_word' id='word_1_17' title='bbox 2880 809 3227 874; x_wconf 75' lang='lat' dir='ltr'><strong>transitum</strong></span> 
     </span>
     <span class='ocr_line' id='line_1_3' title="bbox 671 915 3227 1000; baseline 0 -20"><span class='ocrx_word' id='word_1_18' title='bbox 671 917 896 1000; x_wconf 81' lang='lat' dir='ltr'>tetigit</span> <span class='ocrx_word' id='word_1_19' title='bbox 937 917 1102 980; x_wconf 85' lang='lat' dir='ltr'>illud</span> <span class='ocrx_word' id='word_1_20' title='bbox 1147 915 1316 998; x_wconf 84' lang='lat' dir='ltr'>quod</span> <span class='ocrx_word' id='word_1_21' title='bbox 1359 916 1708 1000; x_wconf 83' lang='lat' dir='ltr'>aliquando</span> <span class='ocrx_word' id='word_1_22' title='bbox 1751 941 1894 982; x_wconf 90' lang='lat' dir='ltr'>cum</span> <span class='ocrx_word' id='word_1_23' title='bbox 1931 941 1971 980; x_wconf 89' lang='lat' dir='ltr'>a</span> <span class='ocrx_word' id='word_1_24' title='bbox 2012 921 2239 980; x_wconf 88' lang='lat' dir='ltr'>senatu</span> <span class='ocrx_word' id='word_1_25' title='bbox 2276 919 2517 980; x_wconf 77' lang='lat' dir='ltr'>auxilia</span> <span class='ocrx_word' id='word_1_26' title='bbox 2556 921 2893 1000; x_wconf 83' lang='lat' dir='ltr'>poscerent</span> <span class='ocrx_word' id='word_1_27' title='bbox 2924 917 3227 980; x_wconf 78' lang='lat' dir='ltr'>Tiburtes</span> 
     </span>
     <span class='ocr_line' id='line_1_4' title="bbox 671 1023 3227 1106; baseline 0 -18"><span class='ocrx_word' id='word_1_28' title='bbox 671 1025 790 1088; x_wconf 89' lang='lat' dir='ltr'>sub</span> <span class='ocrx_word' id='word_1_29' title='bbox 841 1023 1456 1088; x_wconf 75' lang='lat' dir='ltr'>commemoratione</span> <span class='ocrx_word' id='word_1_30' title='bbox 1503 1025 1959 1088; x_wconf 84' lang='lat' dir='ltr'>beneficiorum</span> <span class='ocrx_word' id='word_1_31' title='bbox 2006 1045 2047 1088; x_wconf 83' lang='grc' dir='ltr'><em>α</em></span> <span class='ocrx_word' id='word_1_32' title='bbox 2094 1043 2153 1088; x_wconf 79' lang='lat' dir='ltr'>se</span> <span class='ocrx_word' id='word_1_33' title='bbox 2186 1025 2417 1106; x_wconf 67' lang='lat' dir='ltr'>populo</span> <span class='ocrx_word' id='word_1_34' title='bbox 2466 1023 2751 1088; x_wconf 74' lang='lat' dir='ltr'>Romano</span> <span class='ocrx_word' id='word_1_35' title='bbox 2780 1025 3227 1106; x_wconf 71' lang='lat' dir='ltr'>praebitorum,</span> 
     </span>
     <span class='ocr_line' id='line_1_5' title="bbox 669 1129 2991 1214; baseline 0 -18"><span class='ocrx_word' id='word_1_36' title='bbox 669 1133 792 1196; x_wconf 84' lang='lat' dir='ltr'>hoc</span> <span class='ocrx_word' id='word_1_37' title='bbox 841 1135 1096 1196; x_wconf 86' lang='lat' dir='ltr'>tantum</span> <span class='ocrx_word' id='word_1_38' title='bbox 1143 1151 1182 1194; x_wconf 91' lang='lat' dir='ltr'>a</span> <span class='ocrx_word' id='word_1_39' title='bbox 1231 1135 1458 1194; x_wconf 83' lang='lat' dir='ltr'>senatu</span> <span class='ocrx_word' id='word_1_40' title='bbox 1505 1153 1888 1214; x_wconf 85' lang='lat' dir='ltr'>responsum</span> <span class='ocrx_word' id='word_1_41' title='bbox 1935 1133 2327 1214; x_wconf 84' lang='lat' dir='ltr'>acceperunt</span> <span class='ocrx_word' id='word_1_42' title='bbox 2374 1129 2669 1212; x_wconf 63' lang='lat' dir='ltr'>‘superbi</span> <span class='ocrx_word' id='word_1_43' title='bbox 2720 1129 2924 1197; x_wconf 82' lang='lat' dir='ltr'>estis&#39;.</span> <span class='ocrx_word' id='word_1_44' title='bbox 2984 1135 2991 1142; x_wconf 81' lang='grc'><em>’</em></span> 
     </span>
    </p>

    <p class='ocr_par' dir='ltr' id='par_1_3' title="bbox 665 1235 3333 1964">
     <span class='ocr_line' id='line_1_6' title="bbox 849 1235 3293 1314; baseline -0.002 -12"><span class='ocrx_word' id='word_1_45' title='bbox 849 1239 994 1304; x_wconf 83' lang='grc'>631.</span> <span class='ocrx_word' id='word_1_46' title='bbox 1069 1255 1650 1314; x_wconf 77' lang='lat' dir='ltr'>CRVSTVMERIQVE</span> <span class='ocrx_word' id='word_1_47' title='bbox 1681 1237 1993 1302; x_wconf 83' lang='lat' dir='ltr'>mutavit:</span> <span class='ocrx_word' id='word_1_48' title='bbox 2028 1259 2183 1300; x_wconf 86' lang='lat' dir='ltr'>nam</span> <span class='ocrx_word' id='word_1_49' title='bbox 2216 1235 2729 1300; x_wconf 86' lang='lat' dir='ltr'>Crustumerium</span> <span class='ocrx_word' id='word_1_50' title='bbox 2768 1235 3017 1300; x_wconf 79' lang='lat' dir='ltr'>[licitur.</span> <span class='ocrx_word' id='word_1_51' title='bbox 3082 1235 3225 1304; x_wconf 79' lang='lat' dir='ltr'>Cas-</span> <span class='ocrx_word' id='word_1_52' title='bbox 3260 1251 3293 1298; x_wconf 84' lang='lat'>5</span> 
     </span>
     <span class='ocr_line' id='line_1_7' title="bbox 665 1325 3225 1424; baseline 0.001 -16"><span class='ocrx_word' id='word_1_53' title='bbox 665 1345 798 1408; x_wconf 72' lang='lat' dir='ltr'>sius</span> <span class='ocrx_word' id='word_1_54' title='bbox 845 1341 1126 1408; x_wconf 69' lang='lat' dir='ltr'>Hemina</span> <span class='ocrx_word' id='word_1_55' title='bbox 1169 1345 1456 1424; x_wconf 74' lang='lat' dir='ltr'><em>tradidit,</em></span> <span class='ocrx_word' id='word_1_56' title='bbox 1513 1345 1790 1410; x_wconf 71' lang='lat' dir='ltr'>Siculum</span> <span class='ocrx_word' id='word_1_57' title='bbox 1847 1343 2149 1424; x_wconf 72' lang='lat' dir='ltr'>quendam</span> <span class='ocrx_word' id='word_1_58' title='bbox 2194 1325 2441 1406; x_wconf 66' lang='lat' dir='ltr'>nomine</span> <span class='ocrx_word' id='word_1_59' title='bbox 2486 1343 2701 1406; x_wconf 72' lang='lat' dir='ltr'>uxoris</span> <span class='ocrx_word' id='word_1_60' title='bbox 2742 1361 2891 1406; x_wconf 79' lang='lat' dir='ltr'>suae</span> <span class='ocrx_word' id='word_1_61' title='bbox 2938 1343 3225 1424; x_wconf 74' lang='lat' dir='ltr'>Clyteme-</span> 
     </span>
     <span class='ocr_line' id='line_1_8' title="bbox 665 1447 3227 1536; baseline -0.001 -20"><span class='ocrx_word' id='word_1_62' title='bbox 665 1457 832 1516; x_wconf 72' lang='lat' dir='ltr'>strae</span> <span class='ocrx_word' id='word_1_63' title='bbox 893 1451 1232 1516; x_wconf 72' lang='lat' dir='ltr'>condidisse</span> <span class='ocrx_word' id='word_1_64' title='bbox 1291 1449 1794 1536; x_wconf 72' lang='lat' dir='ltr'>Clytemestrum,</span> <span class='ocrx_word' id='word_1_65' title='bbox 1867 1469 2011 1514; x_wconf 73' lang='lat' dir='ltr'>mox</span> <span class='ocrx_word' id='word_1_66' title='bbox 2084 1455 2363 1532; x_wconf 73' lang='lat' dir='ltr'>corrupto</span> <span class='ocrx_word' id='word_1_67' title='bbox 2430 1451 2675 1514; x_wconf 68' lang='lat' dir='ltr'>nomine</span> <span class='ocrx_word' id='word_1_68' title='bbox 2738 1447 3227 1514; x_wconf 75' lang='lat' dir='ltr'>Crustumerium</span> 
     </span>
     <span class='ocr_line' id='line_1_9' title="bbox 667 1557 3227 1638; baseline 0 -16"><span class='ocrx_word' id='word_1_69' title='bbox 667 1561 912 1622; x_wconf 73' lang='lat' dir='ltr'>dictum.</span> <span class='ocrx_word' id='word_1_70' title='bbox 1005 1559 1124 1622; x_wconf 67' lang='lat' dir='ltr'>aliz·</span> <span class='ocrx_word' id='word_1_71' title='bbox 1175 1559 1388 1624; x_wconf 73' lang='lat' dir='ltr'>volunt</span> <span class='ocrx_word' id='word_1_72' title='bbox 1429 1581 1474 1622; x_wconf 80' lang='lat' dir='ltr'>a</span> <span class='ocrx_word' id='word_1_73' title='bbox 1515 1559 1790 1622; x_wconf 73' lang='lat' dir='ltr'>crustula</span> <span class='ocrx_word' id='word_1_74' title='bbox 1837 1557 2057 1638; x_wconf 71' lang='lat' dir='ltr'>panis,</span> <span class='ocrx_word' id='word_1_75' title='bbox 2112 1577 2299 1638; x_wconf 71' lang='lat' dir='ltr'>quam</span> <span class='ocrx_word' id='word_1_76' title='bbox 2354 1557 2617 1622; x_wconf 73' lang='lat' dir='ltr'>Troiani</span> <span class='ocrx_word' id='word_1_77' title='bbox 2670 1557 2861 1620; x_wconf 72' lang='grc' dir='ltr'>6066έὲ</span> <span class='ocrx_word' id='word_1_78' title='bbox 2908 1557 3079 1636; x_wconf 76' lang='lat' dir='ltr'>fame</span> <span class='ocrx_word' id='word_1_79' title='bbox 3128 1579 3227 1622; x_wconf 78' lang='lat' dir='ltr'>ex-</span> 
     </span>
     <span class='ocr_line' id='line_1_10' title="bbox 665 1663 3225 1752; baseline -0.001 -22"><span class='ocrx_word' id='word_1_80' title='bbox 665 1667 860 1730; x_wconf 73' lang='lat' dir='ltr'>edisse</span> <span class='ocrx_word' id='word_1_81' title='bbox 893 1669 1210 1752; x_wconf 69' lang='lat' dir='ltr'>dicuntur,</span> <span class='ocrx_word' id='word_1_82' title='bbox 1255 1665 1646 1748; x_wconf 70' lang='lat' dir='ltr'>appellatum.</span> <span class='ocrx_word' id='word_1_83' title='bbox 1797 1679 2243 1726; x_wconf 80' lang='lat' dir='ltr'><strong>TVRRIGERAE</strong></span> <span class='ocrx_word' id='word_1_84' title='bbox 2280 1681 2667 1728; x_wconf 81' lang='lat' dir='ltr'>ANTEMNAE</span> <span class='ocrx_word' id='word_1_85' title='bbox 2718 1663 2877 1726; x_wconf 85' lang='lat' dir='ltr'>bene</span> <span class='ocrx_word' id='word_1_86' title='bbox 2918 1667 3225 1728; x_wconf 81' lang='lat' dir='ltr'>muratae.</span> 
     </span>
     <span class='ocr_line' id='line_1_11' title="bbox 667 1769 3333 1854; baseline -0.002 -18"><span class='ocrx_word' id='word_1_87' title='bbox 667 1773 1028 1836; x_wconf 87' lang='lat' dir='ltr'>Antemnae</span> <span class='ocrx_word' id='word_1_88' title='bbox 1091 1777 1306 1838; x_wconf 89' lang='lat' dir='ltr'>autem</span> <span class='ocrx_word' id='word_1_89' title='bbox 1369 1771 1578 1836; x_wconf 81' lang='lat' dir='ltr'>dictae</span> <span class='ocrx_word' id='word_1_90' title='bbox 1637 1775 1816 1854; x_wconf 81' lang='lat' dir='ltr'>sunt,</span> <span class='ocrx_word' id='word_1_91' title='bbox 1881 1769 2051 1854; x_wconf 87' lang='lat' dir='ltr'>quod</span> <span class='ocrx_word' id='word_1_92' title='bbox 2108 1793 2219 1836; x_wconf 84' lang='lat' dir='ltr'>eas</span> <span class='ocrx_word' id='word_1_93' title='bbox 2272 1771 2483 1836; x_wconf 87' lang='lat' dir='ltr'>amnis</span> <span class='ocrx_word' id='word_1_94' title='bbox 2540 1769 2973 1854; x_wconf 77' lang='lat' dir='ltr'>praeterfluit,</span> <span class='ocrx_word' id='word_1_95' title='bbox 3038 1771 3223 1854; x_wconf 82' lang='lat' dir='ltr'>quasi</span> <span class='ocrx_word' id='word_1_96' title='bbox 3264 1785 3333 1832; x_wconf 85' lang='lat'>10</span> 
     </span>
     <span class='ocr_line' id='line_1_12' title="bbox 667 1877 1438 1964; baseline 0 -22"><span class='ocrx_word' id='word_1_97' title='bbox 667 1883 816 1944; x_wconf 85' lang='lat' dir='ltr'>ante</span> <span class='ocrx_word' id='word_1_98' title='bbox 867 1901 1122 1944; x_wconf 85' lang='lat' dir='ltr'>amnem</span> <span class='ocrx_word' id='word_1_99' title='bbox 1167 1877 1438 1964; x_wconf 88' lang='lat' dir='ltr'>positae.</span> 
     </span>
    </p>

    <p class='ocr_par' dir='ltr' id='par_1_4' title="bbox 667 1961 3221 2178">
     <span class='ocr_line' id='line_1_13' title="bbox 849 1961 3221 2052; baseline -0.001 -2"><span class='ocrx_word' id='word_1_100' title='bbox 849 1985 994 2050; x_wconf 81' lang='grc'>632</span> <span class='ocrx_word' id='word_1_101' title='bbox 1069 2001 1402 2050; x_wconf 73' lang='lat' dir='ltr'>SALIGNAs</span> <span class='ocrx_word' id='word_1_102' title='bbox 1441 2003 1784 2048; x_wconf 77' lang='lat' dir='ltr'><strong>VMBONVM</strong></span> <span class='ocrx_word' id='word_1_103' title='bbox 1825 2003 2093 2052; x_wconf 76' lang='lat' dir='ltr'>ORATES</span> <span class='ocrx_word' id='word_1_104' title='bbox 2136 1991 2213 2050; x_wconf 84' lang='lat' dir='ltr'>ut</span> <span class='ocrx_word' id='word_1_105' title='bbox 2246 1985 2401 2050; x_wconf 84' lang='lat' dir='ltr'>dicit</span> <span class='ocrx_word' id='word_1_106' title='bbox 2442 1983 2785 2052; x_wconf 72' lang='lat' dir='ltr'>Sallustius</span> <span class='ocrx_word' id='word_1_107' title='bbox 2828 1985 2903 2048; x_wconf 88' lang='lat' dir='ltr'>de</span> <span class='ocrx_word' id='word_1_108' title='bbox 2944 1961 3221 2048; x_wconf 84' lang='lat' dir='ltr'>Lucanis</span> 
     </span>
     <span class='ocr_line' id='line_1_14' title="bbox 667 2093 2507 2178; baseline 0 -22"><span class='ocrx_word' id='word_1_109' title='bbox 667 2093 796 2178; x_wconf 87' lang='lat' dir='ltr'>qui</span> <span class='ocrx_word' id='word_1_110' title='bbox 849 2093 934 2156; x_wconf 83' lang='lat' dir='ltr'>de</span> <span class='ocrx_word' id='word_1_111' title='bbox 985 2093 1264 2156; x_wconf 82' lang='lat' dir='ltr'>vimine</span> <span class='ocrx_word' id='word_1_112' title='bbox 1311 2093 1520 2156; x_wconf 85' lang='lat' dir='ltr'>facta</span> <span class='ocrx_word' id='word_1_113' title='bbox 1573 2095 1792 2156; x_wconf 88' lang='lat' dir='ltr'>scuta</span> <span class='ocrx_word' id='word_1_114' title='bbox 1841 2093 2079 2156; x_wconf 83' lang='lat' dir='ltr'>coriis</span> <span class='ocrx_word' id='word_1_115' title='bbox 2122 2093 2507 2176; x_wconf 84' lang='lat' dir='ltr'>tegebant.</span> 
     </span>
    </p>

    <p class='ocr_par' dir='ltr' id='par_1_5' title="bbox 665 2197 3329 2498">
     <span class='ocr_line' id='line_1_15' title="bbox 847 2197 3221 2284; baseline 0.001 -22"><span class='ocrx_word' id='word_1_116' title='bbox 847 2197 994 2262; x_wconf 83' lang='lat'><strong>633.</strong></span> <span class='ocrx_word' id='word_1_117' title='bbox 1069 2213 1438 2262; x_wconf 79' lang='lat' dir='ltr'><strong>THORACAS</strong></span> <span class='ocrx_word' id='word_1_118' title='bbox 1501 2215 1726 2264; x_wconf 74' lang='lat' dir='ltr'>AENOS</span> <span class='ocrx_word' id='word_1_119' title='bbox 1791 2199 1957 2262; x_wconf 88' lang='lat' dir='ltr'>bene</span> <span class='ocrx_word' id='word_1_120' title='bbox 2018 2197 2413 2282; x_wconf 73' lang='lat' dir='ltr'>ethoracas&#39;3</span> <span class='ocrx_word' id='word_1_121' title='bbox 2484 2221 2633 2264; x_wconf 85' lang='lat' dir='ltr'>nam</span> <span class='ocrx_word' id='word_1_122' title='bbox 2712 2201 2879 2284; x_wconf 87' lang='lat' dir='ltr'>apud</span> <span class='ocrx_word' id='word_1_123' title='bbox 2946 2201 3221 2264; x_wconf 84' lang='lat' dir='ltr'>maiores</span> 
     </span>
     <span class='ocr_line' id='line_1_16' title="bbox 665 2303 3329 2390; baseline -0.001 -20"><span class='ocrx_word' id='word_1_124' title='bbox 665 2307 900 2372; x_wconf 84' lang='lat' dir='ltr'>loricae</span> <span class='ocrx_word' id='word_1_125' title='bbox 983 2309 1246 2390; x_wconf 76' lang='lat' dir='ltr'>pectora</span> <span class='ocrx_word' id='word_1_126' title='bbox 1319 2309 1574 2378; x_wconf 87' lang='lat' dir='ltr'>tantum</span> <span class='ocrx_word' id='word_1_127' title='bbox 1643 2307 1991 2390; x_wconf 84' lang='lat' dir='ltr'>tegebant:</span> <span class='ocrx_word' id='word_1_128' title='bbox 2088 2303 2337 2372; x_wconf 80' lang='lat' dir='ltr'>Statius</span> <span class='ocrx_word' id='word_1_129' title='bbox 2420 2305 2729 2390; x_wconf 85' lang='lat' dir='ltr'>triplici</span> <span class='ocrx_word' id='word_1_130' title='bbox 2816 2309 3223 2372; x_wconf 85' lang='lat' dir='ltr'>servantur</span> <span class='ocrx_word' id='word_1_131' title='bbox 3264 2319 3329 2366; x_wconf 82' lang='lat'>15</span> 
     </span>
     <span class='ocr_line' id='line_1_17' title="bbox 667 2411 2759 2498; baseline 0.002 -22"><span class='ocrx_word' id='word_1_132' title='bbox 667 2417 986 2498; x_wconf 88' lang='lat' dir='ltr'>pectora</span> <span class='ocrx_word' id='word_1_133' title='bbox 1027 2411 1264 2478; x_wconf 86' lang='lat' dir='ltr'>ferro:</span> <span class='ocrx_word' id='word_1_134' title='bbox 1311 2417 1654 2494; x_wconf 81' lang='lat' dir='ltr'>pectora,</span> <span class='ocrx_word' id='word_1_135' title='bbox 1707 2435 1872 2476; x_wconf 92' lang='lat' dir='ltr'>nam</span> <span class='ocrx_word' id='word_1_136' title='bbox 1921 2417 2139 2498; x_wconf 81' lang='lat' dir='ltr'>tergo</span> <span class='ocrx_word' id='word_1_137' title='bbox 2188 2413 2447 2478; x_wconf 83' lang='lat' dir='ltr'>nullus</span> <span class='ocrx_word' id='word_1_138' title='bbox 2490 2417 2759 2480; x_wconf 72' lang='lat' dir='ltr'>metus,</span> 
     </span>
    </p>

    <p class='ocr_par' dir='ltr' id='par_1_6' title="bbox 667 2519 3221 2710">
     <span class='ocr_line' id='line_1_18' title="bbox 845 2519 3221 2604; baseline 0 -22"><span class='ocrx_word' id='word_1_139' title='bbox 845 2519 992 2582; x_wconf 82' lang='lat'><strong>634.</strong></span> <span class='ocrx_word' id='word_1_140' title='bbox 1063 2537 1294 2582; x_wconf 77' lang='lat' dir='ltr'>LENTO</span> <span class='ocrx_word' id='word_1_141' title='bbox 1351 2537 1634 2584; x_wconf 79' lang='lat' dir='ltr'>DvovNT</span> <span class='ocrx_word' id='word_1_142' title='bbox 1697 2537 2019 2584; x_wconf 76' lang='lat' dir='ltr'>ARGENTO</span> <span class='ocrx_word' id='word_1_143' title='bbox 2084 2519 2281 2582; x_wconf 82' lang='lat' dir='ltr'>flexili</span> <span class='ocrx_word' id='word_1_144' title='bbox 2338 2523 2607 2604; x_wconf 81' lang='lat' dir='ltr'>argento</span> <span class='ocrx_word' id='word_1_145' title='bbox 2672 2519 2939 2604; x_wconf 86' lang='lat' dir='ltr'>ducunt,</span> <span class='ocrx_word' id='word_1_146' title='bbox 2994 2519 3061 2582; x_wconf 83' lang='lat' dir='ltr'>id</span> <span class='ocrx_word' id='word_1_147' title='bbox 3124 2525 3221 2584; x_wconf 85' lang='lat' dir='ltr'>est</span> 
     </span>
     <span class='ocr_line' id='line_1_19' title="bbox 667 2623 2747 2710; baseline 0 -20"><span class='ocrx_word' id='word_1_148' title='bbox 667 2623 1038 2690; x_wconf 78' lang='lat' dir='ltr'>extendunt.</span> <span class='ocrx_word' id='word_1_149' title='bbox 1131 2627 1232 2688; x_wconf 84' lang='lat' dir='ltr'>est</span> <span class='ocrx_word' id='word_1_150' title='bbox 1275 2627 1492 2690; x_wconf 83' lang='lat' dir='ltr'>autem</span> <span class='ocrx_word' id='word_1_151' title='bbox 1541 2627 1942 2710; x_wconf 80' lang='lat' dir='ltr'>spondiazon</span> <span class='ocrx_word' id='word_1_152' title='bbox 1988 2629 2055 2690; x_wconf 88' lang='lat' dir='ltr'>et</span> <span class='ocrx_word' id='word_1_153' title='bbox 2098 2625 2461 2708; x_wconf 84' lang='lat' dir='ltr'>reciprocus</span> <span class='ocrx_word' id='word_1_154' title='bbox 2508 2645 2747 2690; x_wconf 73' lang='lat' dir='ltr'>verene.</span> 
     </span>
    </p>

    <p class='ocr_par' dir='ltr' id='par_1_7' title="bbox 661 2731 3325 3140">
     <span class='ocr_line' id='line_1_20' title="bbox 845 2731 3319 2816; baseline 0.001 -20"><span class='ocrx_word' id='word_1_155' title='bbox 845 2731 988 2796; x_wconf 81' lang='lat'><strong>637.</strong></span> <span class='ocrx_word' id='word_1_156' title='bbox 1067 2749 1392 2798; x_wconf 80' lang='lat' dir='ltr'>CLASSICA</span> <span class='ocrx_word' id='word_1_157' title='bbox 1431 2749 1700 2808; x_wconf 75' lang='lat' dir='ltr'><strong>IAMQVE</strong></span> <span class='ocrx_word' id='word_1_158' title='bbox 1739 2747 2015 2798; x_wconf 80' lang='lat' dir='ltr'>SONANT</span> <span class='ocrx_word' id='word_1_159' title='bbox 2068 2733 2227 2798; x_wconf 82' lang='lat' dir='ltr'>bene</span> <span class='ocrx_word' id='word_1_160' title='bbox 2270 2733 2489 2816; x_wconf 86' lang='lat' dir='ltr'>posuit</span> <span class='ocrx_word' id='word_1_161' title='bbox 2526 2733 3021 2816; x_wconf 84' lang='lat' dir='ltr'>amphiboliam:</span> <span class='ocrx_word' id='word_1_162' title='bbox 3070 2757 3217 2798; x_wconf 84' lang='lat' dir='ltr'>nam</span> <span class='ocrx_word' id='word_1_163' title='bbox 3314 2785 3319 2788; x_wconf 86' lang='lat'>.</span> 
     </span>
     <span class='ocr_line' id='line_1_21' title="bbox 665 2839 3325 2924; baseline -0.002 -18"><span class='ocrx_word' id='word_1_164' title='bbox 665 2839 1000 2906; x_wconf 85' lang='lat' dir='ltr'>classicum</span> <span class='ocrx_word' id='word_1_165' title='bbox 1051 2839 1324 2904; x_wconf 85' lang='lat' dir='ltr'>dicimus</span> <span class='ocrx_word' id='word_1_166' title='bbox 1369 2843 1438 2904; x_wconf 88' lang='lat' dir='ltr'>et</span> <span class='ocrx_word' id='word_1_167' title='bbox 1483 2839 1714 2906; x_wconf 85' lang='lat' dir='ltr'>tubam</span> <span class='ocrx_word' id='word_1_168' title='bbox 1757 2839 1969 2924; x_wconf 87' lang='lat' dir='ltr'>ipsam</span> <span class='ocrx_word' id='word_1_169' title='bbox 2016 2843 2083 2904; x_wconf 93' lang='lat' dir='ltr'>et</span> <span class='ocrx_word' id='word_1_170' title='bbox 2128 2861 2375 2906; x_wconf 87' lang='lat' dir='ltr'>sonum.</span> <span class='ocrx_word' id='word_1_171' title='bbox 2468 2839 2807 2906; x_wconf 82' lang='lat' dir='ltr'>classicum</span> <span class='ocrx_word' id='word_1_172' title='bbox 2854 2843 3073 2906; x_wconf 85' lang='lat' dir='ltr'>autem</span> <span class='ocrx_word' id='word_1_173' title='bbox 3120 2847 3217 2906; x_wconf 89' lang='lat' dir='ltr'>est</span> <span class='ocrx_word' id='word_1_174' title='bbox 3254 2855 3325 2902; x_wconf 78' lang='lat'>20</span> 
     </span>
     <span class='ocr_line' id='line_1_22' title="bbox 661 2945 3217 3032; baseline 0.002 -22"><span class='ocrx_word' id='word_1_175' title='bbox 661 2945 892 3010; x_wconf 83' lang='lat' dir='ltr'>flexilis</span> <span class='ocrx_word' id='word_1_176' title='bbox 943 2947 1116 3010; x_wconf 88' lang='lat' dir='ltr'>tuba.</span> <span class='ocrx_word' id='word_1_177' title='bbox 1297 2963 1598 3012; x_wconf 81' lang='lat' dir='ltr'>TESSERA</span> <span class='ocrx_word' id='word_1_178' title='bbox 1643 2963 1902 3012; x_wconf 78' lang='lat' dir='ltr'><strong>SIGNVM</strong></span> <span class='ocrx_word' id='word_1_179' title='bbox 1952 2947 2323 3032; x_wconf 84' lang='lat' dir='ltr'>symbolum</span> <span class='ocrx_word' id='word_1_180' title='bbox 2366 2947 2699 3032; x_wconf 84' lang='lat' dir='ltr'>bellicum,</span> <span class='ocrx_word' id='word_1_181' title='bbox 2756 2949 2929 3032; x_wconf 85' lang='lat' dir='ltr'>quod</span> <span class='ocrx_word' id='word_1_182' title='bbox 2974 2949 3059 3014; x_wconf 87' lang='lat' dir='ltr'>ad</span> <span class='ocrx_word' id='word_1_183' title='bbox 3104 2971 3217 3032; x_wconf 87' lang='lat' dir='ltr'>pu-</span> 
     </span>
     <span class='ocr_line' id='line_1_23' title="bbox 663 3049 3217 3140; baseline 0.001 -24"><span class='ocrx_word' id='word_1_184' title='bbox 663 3075 862 3136; x_wconf 83' lang='lat' dir='ltr'>gnam</span> <span class='ocrx_word' id='word_1_185' title='bbox 925 3053 1310 3116; x_wconf 84' lang='lat' dir='ltr'>exeuntibus</span> <span class='ocrx_word' id='word_1_186' title='bbox 1373 3053 1588 3136; x_wconf 81' lang='lat' dir='ltr'>datur,</span> <span class='ocrx_word' id='word_1_187' title='bbox 1655 3051 1902 3116; x_wconf 86' lang='lat' dir='ltr'>scilicet</span> <span class='ocrx_word' id='word_1_188' title='bbox 1964 3057 2231 3138; x_wconf 88' lang='lat' dir='ltr'>propter</span> <span class='ocrx_word' id='word_1_189' title='bbox 2300 3049 2771 3140; x_wconf 78' lang='lat' dir='ltr'>confusionem,</span> <span class='ocrx_word' id='word_1_190' title='bbox 2836 3059 2911 3120; x_wconf 89' lang='lat' dir='ltr'>ut</span> <span class='ocrx_word' id='word_1_191' title='bbox 2966 3055 3093 3118; x_wconf 90' lang='lat' dir='ltr'>fuit</span> <span class='ocrx_word' id='word_1_192' title='bbox 3154 3057 3217 3120; x_wconf 90' lang='lat' dir='ltr'>in</span> 
     </span>
    </p>
   </div>
   <div class='ocr_carea' id='block_1_3' title="bbox 661 3215 1090 3224">
    <p class='ocr_par' dir='ltr' id='par_1_8' title="bbox 661 3215 1090 3224">
     <span class='ocr_line' id='line_1_24' title="bbox 661 3215 1090 3224; baseline 0 2560"><span class='ocrx_word' id='word_1_193' title='bbox 661 3215 1090 3224; x_wconf 95' lang='lat' dir='ltr'> </span> 
     </span>
    </p>
   </div>
   <div class='ocr_carea' id='block_1_4' title="bbox 661 3299 3215 3512">
    <p class='ocr_par' dir='ltr' id='par_1_9' title="bbox 661 3299 3215 3512">
     <span class='ocr_line' id='line_1_25' title="bbox 805 3299 3215 3384; baseline 0.001 -32"><span class='ocrx_word' id='word_1_194' title='bbox 805 3305 838 3352; x_wconf 83' lang='lat'>5</span> <span class='ocrx_word' id='word_1_195' title='bbox 877 3299 1102 3354; x_wconf 83' lang='lat' dir='ltr'>Cassius</span> <span class='ocrx_word' id='word_1_196' title='bbox 1139 3299 1408 3372; x_wconf 82' lang='lat' dir='ltr'>Hemina]</span> <span class='ocrx_word' id='word_1_197' title='bbox 1457 3319 1504 3370; x_wconf 88' lang='lat' dir='ltr'>p.</span> <span class='ocrx_word' id='word_1_198' title='bbox 1549 3307 1614 3356; x_wconf 80' lang='lat'>95</span> <span class='ocrx_word' id='word_1_199' title='bbox 1653 3299 1774 3356; x_wconf 88' lang='lat' dir='ltr'>Pet</span> <span class='ocrx_word' id='word_1_200' title='bbox 1815 3303 1832 3370; x_wconf 83' lang='grc' dir='ltr'>ΙΙ</span> <span class='ocrx_word' id='word_1_201' title='bbox 1879 3307 1944 3356; x_wconf 87' lang='grc'>10</span> <span class='ocrx_word' id='word_1_202' title='bbox 1982 3299 2345 3356; x_wconf 88' lang='lat' dir='ltr'>Antemnae.</span> <span class='ocrx_word' id='word_1_203' title='bbox 2428 3299 2717 3384; x_wconf 78' lang='lat' dir='ltr'>‚positae]</span> <span class='ocrx_word' id='word_1_204' title='bbox 2758 3299 3215 3356; x_wconf 79' lang='lat' dir='ltr'>exscr.1sid.or.</span> 
     </span>
     <span class='ocr_line' id='line_1_26' title="bbox 661 3345 3215 3444; baseline 0.001 -20"><span class='ocrx_word' id='word_1_205' title='bbox 661 3369 792 3424; x_wconf 87' lang='lat' dir='ltr'>XIX</span> <span class='ocrx_word' id='word_1_206' title='bbox 831 3377 880 3436; x_wconf 84' lang='lat'>2,</span> <span class='ocrx_word' id='word_1_207' title='bbox 911 3377 958 3426; x_wconf 82' lang='grc'>’7</span> <span class='ocrx_word' id='word_1_208' title='bbox 997 3371 1068 3424; x_wconf 86' lang='lat' dir='ltr'>cf.</span> <span class='ocrx_word' id='word_1_209' title='bbox 1109 3371 1286 3424; x_wconf 78' lang='lat' dir='ltr'>Valro</span> <span class='ocrx_word' id='word_1_210' title='bbox 1327 3373 1374 3426; x_wconf 83' lang='lat' dir='ltr'>d.</span> <span class='ocrx_word' id='word_1_211' title='bbox 1407 3371 1446 3426; x_wconf 91' lang='grc'>1.</span> <span class='ocrx_word' id='word_1_212' title='bbox 1473 3373 1510 3426; x_wconf 92' lang='grc'>1</span> <span class='ocrx_word' id='word_1_213' title='bbox 1541 3373 1590 3426; x_wconf 85' lang='lat' dir='ltr'><strong>V</strong></span> <span class='ocrx_word' id='word_1_214' title='bbox 1617 3377 1688 3428; x_wconf 84' lang='lat'>28</span> <span class='ocrx_word' id='word_1_215' title='bbox 1717 3373 1732 3442; x_wconf 89' lang='grc' dir='ltr'>ΙΙ</span> <span class='ocrx_word' id='word_1_216' title='bbox 1765 3377 1832 3424; x_wconf 82' lang='grc'>12</span> <span class='ocrx_word' id='word_1_217' title='bbox 1869 3371 2193 3444; x_wconf 77' lang='lat' dir='ltr'>Sallustius]</span> <span class='ocrx_word' id='word_1_218' title='bbox 2230 3345 2361 3428; x_wconf 81' lang='lat' dir='ltr'>hist.</span> <span class='ocrx_word' id='word_1_219' title='bbox 2402 3373 2475 3428; x_wconf 88' lang='lat' dir='ltr'>IV</span> <span class='ocrx_word' id='word_1_220' title='bbox 2506 3379 2541 3426; x_wconf 81' lang='lat'><strong>2</strong></span> <span class='ocrx_word' id='word_1_221' title='bbox 2580 3371 2825 3428; x_wconf 84' lang='lat' dir='ltr'>Dietsch.</span> <span class='ocrx_word' id='word_1_222' title='bbox 2864 3373 2941 3428; x_wconf 85' lang='lat' dir='ltr'>IV</span> <span class='ocrx_word' id='word_1_223' title='bbox 2978 3379 3047 3428; x_wconf 86' lang='grc'>23</span> <span class='ocrx_word' id='word_1_224' title='bbox 3076 3371 3215 3444; x_wconf 58' lang='lat' dir='ltr'>Kng}</span> 
     </span>
     <span class='ocr_line' id='line_1_27' title="bbox 667 3411 1510 3512; baseline 0.002 -18"><span class='ocrx_word' id='word_1_225' title='bbox 667 3449 730 3496; x_wconf 81' lang='lat'>15</span> <span class='ocrx_word' id='word_1_226' title='bbox 769 3411 1010 3512; x_wconf 77' lang='lat' dir='ltr'>Statius]</span> <span class='ocrx_word' id='word_1_227' title='bbox 1053 3443 1228 3498; x_wconf 85' lang='lat' dir='ltr'>Theb.</span> <span class='ocrx_word' id='word_1_228' title='bbox 1267 3443 1370 3498; x_wconf 91' lang='lat' dir='ltr'>VII</span> <span class='ocrx_word' id='word_1_229' title='bbox 1411 3449 1510 3496; x_wconf 88' lang='lat'>311</span> 
     </span>
    </p>
   </div>
   <div class='ocr_carea' id='block_1_5' title="bbox 661 3591 812 3598">
    <p class='ocr_par' dir='ltr' id='par_1_10' title="bbox 661 3591 812 3598">
     <span class='ocr_line' id='line_1_28' title="bbox 661 3591 812 3598; baseline -0.02 0"><span class='ocrx_word' id='word_1_230' title='bbox 661 3591 812 3598; x_wconf 47' lang='grc' dir='ltr'>...ᾡ-</span> 
     </span>
    </p>
   </div>
   <div class='ocr_carea' id='block_1_6' title="bbox 813 3591 1088 3598">
    <p class='ocr_par' dir='ltr' id='par_1_11' title="bbox 813 3591 1088 3598">
     <span class='ocr_line' id='line_1_29' title="bbox 813 3591 1088 3598; baseline 0 2186"><span class='ocrx_word' id='word_1_231' title='bbox 813 3591 1088 3598; x_wconf 95' lang='lat' dir='ltr'> </span> 
     </span>
    </p>
   </div>
   <div class='ocr_carea' id='block_1_7' title="bbox 621 3673 3215 5026">
    <p class='ocr_par' dir='ltr' id='par_1_12' title="bbox 661 3673 3215 4314">
     <span class='ocr_line' id='line_1_30' title="bbox 813 3673 3215 3746; baseline 0 -18"><span class='ocrx_word' id='word_1_232' title='bbox 813 3681 840 3728; x_wconf 97' lang='grc'>1</span> <span class='ocrx_word' id='word_1_233' title='bbox 877 3673 1126 3730; x_wconf 85' lang='lat' dir='ltr'>nobilem</span> <span class='ocrx_word' id='word_1_234' title='bbox 1165 3675 1210 3728; x_wconf 78' lang='lat' dir='ltr'><strong><em>S</em></strong></span> <span class='ocrx_word' id='word_1_235' title='bbox 1231 3677 1252 3744; x_wconf 87' lang='grc' dir='ltr'>ΙΙ</span> <span class='ocrx_word' id='word_1_236' title='bbox 1281 3683 1312 3728; x_wconf 88' lang='grc'><strong>2</strong></span> <span class='ocrx_word' id='word_1_237' title='bbox 1349 3691 1474 3728; x_wconf 86' lang='lat' dir='ltr'>cum</span> <span class='ocrx_word' id='word_1_238' title='bbox 1513 3675 1818 3742; x_wconf 83' lang='lat' dir='ltr'>aliquando</span> <span class='ocrx_word' id='word_1_239' title='bbox 1849 3673 1912 3728; x_wconf 82' lang='lat' dir='ltr'><strong><em>F</em></strong></span> <span class='ocrx_word' id='word_1_240' title='bbox 1933 3677 1953 3746; x_wconf 72' lang='grc' dir='ltr'>ΙΙ</span> <span class='ocrx_word' id='word_1_241' title='bbox 1978 3675 2189 3730; x_wconf 74' lang='lat' dir='ltr'>auxilio</span> <span class='ocrx_word' id='word_1_242' title='bbox 2224 3675 2271 3730; x_wconf 82' lang='lat' dir='ltr'><strong><em>S</em></strong></span> <span class='ocrx_word' id='word_1_243' title='bbox 2322 3675 2495 3730; x_wconf 84' lang='lat' dir='ltr'>auxili</span> <span class='ocrx_word' id='word_1_244' title='bbox 2536 3677 2595 3730; x_wconf 84' lang='lat' dir='ltr'><em>F</em></span> <span class='ocrx_word' id='word_1_245' title='bbox 2616 3677 2635 3746; x_wconf 81' lang='grc' dir='ltr'>ΙΙ</span> <span class='ocrx_word' id='word_1_246' title='bbox 2666 3683 2695 3728; x_wconf 89' lang='grc'><strong>3</strong></span> <span class='ocrx_word' id='word_1_247' title='bbox 2732 3677 3137 3732; x_wconf 73' lang='lat' dir='ltr'>memoratione</span> <span class='ocrx_word' id='word_1_248' title='bbox 3166 3677 3215 3728; x_wconf 83' lang='lat' dir='ltr'><strong><em>L</em></strong></span> 
     </span>
     <span class='ocr_line' id='line_1_31' title="bbox 667 3743 3215 3826; baseline 0 -26"><span class='ocrx_word' id='word_1_249' title='bbox 667 3747 828 3814; x_wconf 77' lang='lat' dir='ltr'>(corr.</span> <span class='ocrx_word' id='word_1_250' title='bbox 867 3747 910 3814; x_wconf 77' lang='grc' dir='ltr'>ἰ)</span> <span class='ocrx_word' id='word_1_251' title='bbox 967 3747 1424 3800; x_wconf 77' lang='lat' dir='ltr'>commemoratio</span> <span class='ocrx_word' id='word_1_252' title='bbox 1461 3747 1520 3800; x_wconf 86' lang='lat' dir='ltr'>F</span> <span class='ocrx_word' id='word_1_253' title='bbox 1543 3749 1572 3826; x_wconf 77' lang='grc' dir='ltr'>ΙΙ</span> <span class='ocrx_word' id='word_1_254' title='bbox 1599 3743 2021 3818; x_wconf 84' lang='lat' dir='ltr'>beneficiorum]</span> <span class='ocrx_word' id='word_1_255' title='bbox 2060 3745 2453 3816; x_wconf 85' lang='lat' dir='ltr'>praestitorum</span> <span class='ocrx_word' id='word_1_256' title='bbox 2490 3749 2617 3802; x_wconf 85' lang='lat' dir='ltr'>add.</span> <span class='ocrx_word' id='word_1_257' title='bbox 2660 3747 2701 3800; x_wconf 78' lang='lat' dir='ltr'><strong><em>S</em></strong></span> <span class='ocrx_word' id='word_1_258' title='bbox 2712 3749 2789 3800; x_wconf 86' lang='lat' dir='ltr'><em>M</em></span> <span class='ocrx_word' id='word_1_259' title='bbox 2820 3749 2837 3818; x_wconf 73' lang='lat'>11</span> <span class='ocrx_word' id='word_1_260' title='bbox 2880 3755 2915 3800; x_wconf 85' lang='lat'>4</span> <span class='ocrx_word' id='word_1_261' title='bbox 2948 3763 3215 3816; x_wconf 84' lang='lat' dir='ltr'>responsa</span> 
     </span>
     <span class='ocr_line' id='line_1_32' title="bbox 661 3815 3215 3898; baseline -0 -26"><span class='ocrx_word' id='word_1_262' title='bbox 661 3817 708 3872; x_wconf 79' lang='lat' dir='ltr'><strong><em>S</em></strong></span> <span class='ocrx_word' id='word_1_263' title='bbox 741 3821 760 3884; x_wconf 82' lang='grc' dir='ltr'>ΙΙ</span> <span class='ocrx_word' id='word_1_264' title='bbox 799 3817 1160 3898; x_wconf 83' lang='lat' dir='ltr'>aeceperunt]</span> <span class='ocrx_word' id='word_1_265' title='bbox 1201 3817 1478 3884; x_wconf 80' lang='lat' dir='ltr'>accepisse</span> <span class='ocrx_word' id='word_1_266' title='bbox 1517 3815 1782 3870; x_wconf 81' lang='lat' dir='ltr'>dicuntur</span> <span class='ocrx_word' id='word_1_267' title='bbox 1819 3815 1926 3872; x_wconf 75' lang='lat' dir='ltr'>SR</span> <span class='ocrx_word' id='word_1_268' title='bbox 1976 3819 2261 3886; x_wconf 85' lang='lat' dir='ltr'>accepisse</span> <span class='ocrx_word' id='word_1_269' title='bbox 2302 3819 2505 3872; x_wconf 83' lang='lat' dir='ltr'>dicitur</span> <span class='ocrx_word' id='word_1_270' title='bbox 2546 3817 2603 3872; x_wconf 85' lang='lat' dir='ltr'><strong><em>F</em></strong></span> <span class='ocrx_word' id='word_1_271' title='bbox 2634 3821 2655 3884; x_wconf 78' lang='grc' dir='ltr'>ΙΙ</span> <span class='ocrx_word' id='word_1_272' title='bbox 2698 3821 2729 3870; x_wconf 82' lang='grc'><strong>5</strong></span> <span class='ocrx_word' id='word_1_273' title='bbox 2770 3821 3017 3872; x_wconf 85' lang='lat' dir='ltr'>crustum</span> <span class='ocrx_word' id='word_1_274' title='bbox 3054 3819 3215 3872; x_wconf 86' lang='lat' dir='ltr'>meri-</span> 
     </span>
     <span class='ocr_line' id='line_1_33' title="bbox 661 3887 3213 3970; baseline -0.002 -28"><span class='ocrx_word' id='word_1_275' title='bbox 661 3895 780 3942; x_wconf 84' lang='lat' dir='ltr'>tum</span> <span class='ocrx_word' id='word_1_276' title='bbox 829 3887 872 3940; x_wconf 82' lang='lat' dir='ltr'><strong><em>S</em></strong></span> <span class='ocrx_word' id='word_1_277' title='bbox 917 3891 934 3958; x_wconf 81' lang='lat' dir='ltr'>{l</span> <span class='ocrx_word' id='word_1_278' title='bbox 985 3887 1206 3942; x_wconf 82' lang='lat' dir='ltr'>Cassius</span> <span class='ocrx_word' id='word_1_279' title='bbox 1251 3887 1492 3942; x_wconf 85' lang='lat' dir='ltr'>Hemina</span> <span class='ocrx_word' id='word_1_280' title='bbox 1531 3933 1544 3944; x_wconf 90' lang='lat'><strong>.</strong></span> <span class='ocrx_word' id='word_1_281' title='bbox 1575 3927 1630 3938; x_wconf 87' lang='lat'>..</span> <span class='ocrx_word' id='word_1_282' title='bbox 1673 3887 2021 3956; x_wconf 78' lang='lat' dir='ltr'>appellatum</span> <span class='ocrx_word' id='word_1_283' title='bbox 2072 3905 2097 3940; x_wconf 88' lang='lat' dir='ltr'>e</span> <span class='ocrx_word' id='word_1_284' title='bbox 2140 3889 2447 3944; x_wconf 65' lang='grc'>1660666666</span> <span class='ocrx_word' id='word_1_285' title='bbox 2482 3891 2659 3944; x_wconf 79' lang='lat' dir='ltr'>edidit</span> <span class='ocrx_word' id='word_1_286' title='bbox 2694 3889 2903 3970; x_wconf 62' lang='lat' dir='ltr'>Daniel</span> <span class='ocrx_word' id='word_1_287' title='bbox 2942 3891 2961 3956; x_wconf 79' lang='grc' dir='ltr'>ΙΙ</span> <span class='ocrx_word' id='word_1_288' title='bbox 3018 3895 3083 3968; x_wconf 92' lang='grc'>10</span> <span class='ocrx_word' id='word_1_289' title='bbox 3124 3905 3213 3942; x_wconf 77' lang='lat' dir='ltr'>eas</span> 
     </span>
     <span class='ocr_line' id='line_1_34' title="bbox 663 3957 3215 4030; baseline -0.001 -16"><span class='ocrx_word' id='word_1_290' title='bbox 663 3957 862 4028; x_wconf 80' lang='lat' dir='ltr'>amnis]</span> <span class='ocrx_word' id='word_1_291' title='bbox 907 3977 944 4014; x_wconf 87' lang='lat' dir='ltr'>a</span> <span class='ocrx_word' id='word_1_292' title='bbox 973 3959 1182 4012; x_wconf 87' lang='lat' dir='ltr'>somnis</span> <span class='ocrx_word' id='word_1_293' title='bbox 1211 3957 1270 4010; x_wconf 81' lang='lat' dir='ltr'><strong><em>F</em></strong></span> <span class='ocrx_word' id='word_1_294' title='bbox 1295 3963 1312 4028; x_wconf 77' lang='lat' dir='ltr'>ss</span> <span class='ocrx_word' id='word_1_295' title='bbox 1343 3965 1410 4012; x_wconf 87' lang='lat'>13</span> <span class='ocrx_word' id='word_1_296' title='bbox 1449 3959 1548 4028; x_wconf 87' lang='lat' dir='ltr'>qui</span> <span class='ocrx_word' id='word_1_297' title='bbox 1583 3959 1652 4012; x_wconf 87' lang='lat' dir='ltr'>de</span> <span class='ocrx_word' id='word_1_298' title='bbox 1689 3959 1898 4014; x_wconf 77' lang='lat' dir='ltr'>vimine</span> <span class='ocrx_word' id='word_1_299' title='bbox 1935 3977 2037 4016; x_wconf 80' lang='lat' dir='ltr'>om</span> <span class='ocrx_word' id='word_1_300' title='bbox 2058 3959 2111 4012; x_wconf 82' lang='lat' dir='ltr'><em>R</em></span> <span class='ocrx_word' id='word_1_301' title='bbox 2138 3961 2159 4027; x_wconf 76' lang='lat' dir='ltr'>ss</span> <span class='ocrx_word' id='word_1_302' title='bbox 2186 3959 2327 4028; x_wconf 84' lang='lat' dir='ltr'>qui.</span> <span class='ocrx_word' id='word_1_303' title='bbox 2388 3959 2719 4030; x_wconf 66' lang='lat' dir='ltr'>,tegebanffl</span> <span class='ocrx_word' id='word_1_304' title='bbox 2766 3959 2861 4028; x_wconf 89' lang='lat' dir='ltr'>qui</span> <span class='ocrx_word' id='word_1_305' title='bbox 2902 3959 2965 4014; x_wconf 85' lang='grc'>(16</span> <span class='ocrx_word' id='word_1_306' title='bbox 3006 3959 3215 4014; x_wconf 87' lang='lat' dir='ltr'>uimine</span> 
     </span>
     <span class='ocr_line' id='line_1_35' title="bbox 661 4029 3215 4102; baseline -0 -18"><span class='ocrx_word' id='word_1_307' title='bbox 661 4031 800 4084; x_wconf 83' lang='lat' dir='ltr'>facti</span> <span class='ocrx_word' id='word_1_308' title='bbox 835 4031 958 4100; x_wconf 78' lang='lat' dir='ltr'>(sic)</span> <span class='ocrx_word' id='word_1_309' title='bbox 993 4031 1154 4084; x_wconf 86' lang='lat' dir='ltr'>scuta</span> <span class='ocrx_word' id='word_1_310' title='bbox 1191 4031 1506 4084; x_wconf 80' lang='lat' dir='ltr'>recentibus</span> <span class='ocrx_word' id='word_1_311' title='bbox 1547 4029 1810 4084; x_wconf 75' lang='lat' dir='ltr'>detractis</span> <span class='ocrx_word' id='word_1_312' title='bbox 1847 4031 2011 4084; x_wconf 83' lang='lat' dir='ltr'>coriis</span> <span class='ocrx_word' id='word_1_313' title='bbox 2060 4031 2219 4098; x_wconf 75' lang='lat' dir='ltr'>quasi</span> <span class='ocrx_word' id='word_1_314' title='bbox 2266 4031 2483 4102; x_wconf 85' lang='lat' dir='ltr'>glutino</span> <span class='ocrx_word' id='word_1_315' title='bbox 2534 4031 2931 4086; x_wconf 83' lang='lat' dir='ltr'>adolescebant</span> <span class='ocrx_word' id='word_1_316' title='bbox 2966 4031 3039 4084; x_wconf 82' lang='lat' dir='ltr'>F.</span> <span class='ocrx_word' id='word_1_317' title='bbox 3094 4049 3215 4084; x_wconf 77' lang='lat' dir='ltr'>eum</span> 
     </span>
     <span class='ocr_line' id='line_1_36' title="bbox 661 4101 3215 4172; baseline -0.001 -16"><span class='ocrx_word' id='word_1_318' title='bbox 661 4103 922 4156; x_wconf 76' lang='lat' dir='ltr'>Sallustii</span> <span class='ocrx_word' id='word_1_319' title='bbox 963 4103 1138 4156; x_wconf 70' lang='grc'>0661163</span> <span class='ocrx_word' id='word_1_320' title='bbox 1183 4103 1282 4154; x_wconf 78' lang='lat' dir='ltr'>hoc</span> <span class='ocrx_word' id='word_1_321' title='bbox 1327 4103 1444 4156; x_wconf 73' lang='lat' dir='ltr'>loco</span> <span class='ocrx_word' id='word_1_322' title='bbox 1485 4103 1732 4156; x_wconf 71' lang='lat' dir='ltr'>laudatis</span> <span class='ocrx_word' id='word_1_323' title='bbox 1783 4103 1882 4156; x_wconf 71' lang='lat' dir='ltr'>illa</span> <span class='ocrx_word' id='word_1_324' title='bbox 1933 4119 2071 4170; x_wconf 75' lang='lat' dir='ltr'>quae</span> <span class='ocrx_word' id='word_1_325' title='bbox 2120 4103 2195 4156; x_wconf 85' lang='lat' dir='ltr'>ad</span> <span class='ocrx_word' id='word_1_326' title='bbox 2244 4119 2423 4172; x_wconf 82' lang='lat' dir='ltr'>9eor9</span> <span class='ocrx_word' id='word_1_327' title='bbox 2458 4101 2541 4154; x_wconf 89' lang='lat' dir='ltr'>III</span> <span class='ocrx_word' id='word_1_328' title='bbox 2582 4107 2681 4154; x_wconf 80' lang='lat'>155</span> <span class='ocrx_word' id='word_1_329' title='bbox 2732 4109 3215 4156; x_wconf 57' lang='lat' dir='ltr'>commemoraverim</span> 
     </span>
     <span class='ocr_line' id='line_1_37' title="bbox 661 4171 3215 4242; baseline 0 -16"><span class='ocrx_word' id='word_1_330' title='bbox 661 4175 812 4228; x_wconf 87' lang='lat' dir='ltr'>coria</span> <span class='ocrx_word' id='word_1_331' title='bbox 859 4189 1054 4228; x_wconf 83' lang='lat' dir='ltr'>recens</span> <span class='ocrx_word' id='word_1_332' title='bbox 1105 4173 1360 4226; x_wconf 84' lang='lat' dir='ltr'>detracta</span> <span class='ocrx_word' id='word_1_333' title='bbox 1415 4173 1574 4240; x_wconf 83' lang='lat' dir='ltr'>quasi</span> <span class='ocrx_word' id='word_1_334' title='bbox 1615 4171 1838 4242; x_wconf 82' lang='lat' dir='ltr'>glutino</span> <span class='ocrx_word' id='word_1_335' title='bbox 1891 4175 2291 4228; x_wconf 82' lang='lat' dir='ltr'>adolescebant</span> <span class='ocrx_word' id='word_1_336' title='bbox 2332 4175 2513 4242; x_wconf 72' lang='lat' dir='ltr'>inepte</span> <span class='ocrx_word' id='word_1_337' title='bbox 2558 4175 2851 4226; x_wconf 69' lang='lat' dir='ltr'>coniuncta</span> <span class='ocrx_word' id='word_1_338' title='bbox 2890 4189 2995 4226; x_wconf 83' lang='lat' dir='ltr'>esse</span> <span class='ocrx_word' id='word_1_339' title='bbox 3032 4175 3215 4226; x_wconf 74' lang='lat' dir='ltr'>docuit</span> 
     </span>
     <span class='ocr_line' id='line_1_38' title="bbox 661 4243 3213 4314; baseline -0.001 -16"><span class='ocrx_word' id='word_1_340' title='bbox 661 4245 922 4300; x_wconf 75' lang='lat' dir='ltr'>Kritzius</span> <span class='ocrx_word' id='word_1_341' title='bbox 947 4247 964 4314; x_wconf 89' lang='grc' dir='ltr'>ΙΙ</span> <span class='ocrx_word' id='word_1_342' title='bbox 995 4251 1062 4300; x_wconf 88' lang='grc'>14</span> <span class='ocrx_word' id='word_1_343' title='bbox 1095 4245 1238 4298; x_wconf 85' lang='lat' dir='ltr'>bene</span> <span class='ocrx_word' id='word_1_344' title='bbox 1279 4245 1538 4298; x_wconf 76' lang='lat' dir='ltr'>thoracas</span> <span class='ocrx_word' id='word_1_345' title='bbox 1565 4245 1718 4314; x_wconf 86' lang='lat' dir='ltr'>nam]</span> <span class='ocrx_word' id='word_1_346' title='bbox 1761 4245 1894 4314; x_wconf 84' lang='lat' dir='ltr'>quia</span> <span class='ocrx_word' id='word_1_347' title='bbox 1921 4245 2051 4298; x_wconf 89' lang='lat' dir='ltr'>LH</span> <span class='ocrx_word' id='word_1_348' title='bbox 2072 4247 2089 4314; x_wconf 80' lang='grc' dir='ltr'>ΙΙ</span> <span class='ocrx_word' id='word_1_349' title='bbox 2120 4251 2187 4298; x_wconf 76' lang='lat'>15</span> <span class='ocrx_word' id='word_1_350' title='bbox 2212 4245 2393 4298; x_wconf 75' lang='lat' dir='ltr'>lui-icc</span> <span class='ocrx_word' id='word_1_351' title='bbox 2420 4243 2471 4296; x_wconf 81' lang='lat' dir='ltr'><em>R</em></span> <span class='ocrx_word' id='word_1_352' title='bbox 2498 4247 2521 4314; x_wconf 82' lang='grc' dir='ltr'>ΙΙ</span> <span class='ocrx_word' id='word_1_353' title='bbox 2546 4247 2761 4298; x_wconf 79' lang='lat' dir='ltr'>’tantum</span> <span class='ocrx_word' id='word_1_354' title='bbox 2794 4243 3023 4312; x_wconf 79' lang='lat' dir='ltr'>pectora</span> <span class='ocrx_word' id='word_1_355' title='bbox 3048 4243 3213 4298; x_wconf 87' lang='lat' dir='ltr'>LH</span> 
     </span>
    </p>

    <p class='ocr_par' dir='ltr' id='par_1_13' title="bbox 621 4305 3215 5026">
     <span class='ocr_line' id='line_1_39' title="bbox 621 4305 3215 4386; baseline -0.001 -15"><span class='ocrx_word' id='word_1_356' title='bbox 621 4319 724 4372; x_wconf 68' lang='lat' dir='ltr'>‘ut</span> <span class='ocrx_word' id='word_1_357' title='bbox 757 4315 960 4370; x_wconf 78' lang='lat' dir='ltr'>statius</span> <span class='ocrx_word' id='word_1_358' title='bbox 995 4315 1126 4368; x_wconf 85' lang='lat' dir='ltr'>LH</span> <span class='ocrx_word' id='word_1_359' title='bbox 1167 4319 1186 4386; x_wconf 78' lang='grc' dir='ltr'><strong>Η</strong></span> <span class='ocrx_word' id='word_1_360' title='bbox 1237 4315 1428 4382; x_wconf 86' lang='lat' dir='ltr'>tripiei</span> <span class='ocrx_word' id='word_1_361' title='bbox 1463 4315 1534 4368; x_wconf 87' lang='lat' dir='ltr'><em>H</em></span> <span class='ocrx_word' id='word_1_362' title='bbox 1567 4319 1586 4384; x_wconf 77' lang='grc' dir='ltr'>ΙΙ</span> <span class='ocrx_word' id='word_1_363' title='bbox 1645 4323 1708 4370; x_wconf 79' lang='grc'>16</span> <span class='ocrx_word' id='word_1_364' title='bbox 1757 4319 1991 4386; x_wconf 72' lang='lat' dir='ltr'>pectora.</span> <span class='ocrx_word' id='word_1_365' title='bbox 2030 4331 2159 4370; x_wconf 85' lang='lat' dir='ltr'>nam</span> <span class='ocrx_word' id='word_1_366' title='bbox 2192 4317 2357 4386; x_wconf 81' lang='lat' dir='ltr'>tergo</span> <span class='ocrx_word' id='word_1_367' title='bbox 2396 4315 2841 4386; x_wconf 77' lang='lat' dir='ltr'>RM.pe0to1a</span> <span class='ocrx_word' id='word_1_368' title='bbox 2878 4331 3011 4370; x_wconf 87' lang='lat' dir='ltr'>nam</span> <span class='ocrx_word' id='word_1_369' title='bbox 3046 4305 3215 4370; x_wconf 72' lang='lat' dir='ltr'>tellus</span> 
     </span>
     <span class='ocr_line' id='line_1_40' title="bbox 657 4385 3213 4468; baseline -0.002 -26"><span class='ocrx_word' id='word_1_370' title='bbox 657 4391 818 4456; x_wconf 78' lang='lat' dir='ltr'>tergo</span> <span class='ocrx_word' id='word_1_371' title='bbox 853 4387 900 4440; x_wconf 83' lang='lat' dir='ltr'><strong><em>S</em></strong></span> <span class='ocrx_word' id='word_1_372' title='bbox 937 4389 1122 4468; x_wconf 84' lang='lat' dir='ltr'>(tergo</span> <span class='ocrx_word' id='word_1_373' title='bbox 1153 4385 1320 4440; x_wconf 86' lang='lat' dir='ltr'>tellus</span> <span class='ocrx_word' id='word_1_374' title='bbox 1353 4387 1406 4456; x_wconf 84' lang='lat' dir='ltr'>s)</span> <span class='ocrx_word' id='word_1_375' title='bbox 1459 4397 1750 4454; x_wconf 79' lang='lat' dir='ltr'>pectorum</span> <span class='ocrx_word' id='word_1_376' title='bbox 1791 4403 1922 4440; x_wconf 86' lang='lat' dir='ltr'>nam</span> <span class='ocrx_word' id='word_1_377' title='bbox 1956 4391 2117 4456; x_wconf 85' lang='lat' dir='ltr'>tergo</span> <span class='ocrx_word' id='word_1_378' title='bbox 2158 4387 2289 4440; x_wconf 88' lang='lat' dir='ltr'>LH</span> <span class='ocrx_word' id='word_1_379' title='bbox 2330 4387 2645 4454; x_wconf 84' lang='lat' dir='ltr'>(pectorum</span> <span class='ocrx_word' id='word_1_380' title='bbox 2682 4387 2783 4442; x_wconf 79' lang='lat' dir='ltr'>del.</span> <span class='ocrx_word' id='word_1_381' title='bbox 2822 4389 2863 4454; x_wconf 73' lang='lat' dir='ltr'>l)</span> <span class='ocrx_word' id='word_1_382' title='bbox 2916 4387 3213 4454; x_wconf 78' lang='lat' dir='ltr'>pectonam</span> 
     </span>
     <span class='ocr_line' id='line_1_41' title="bbox 657 4457 3215 4528; baseline -0.002 -16"><span class='ocrx_word' id='word_1_383' title='bbox 657 4463 820 4526; x_wconf 84' lang='lat' dir='ltr'>tergo</span> <span class='ocrx_word' id='word_1_384' title='bbox 865 4457 930 4510; x_wconf 80' lang='lat' dir='ltr'><em>F</em></span> <span class='ocrx_word' id='word_1_385' title='bbox 975 4461 1064 4512; x_wconf 87' lang='lat' dir='ltr'>ter</span> <span class='ocrx_word' id='word_1_386' title='bbox 1105 4457 1296 4512; x_wconf 87' lang='lat' dir='ltr'>insuto</span> <span class='ocrx_word' id='word_1_387' title='bbox 1343 4461 1662 4512; x_wconf 80' lang='lat' dir='ltr'>servantem</span> <span class='ocrx_word' id='word_1_388' title='bbox 1711 4457 1961 4526; x_wconf 76' lang='lat' dir='ltr'>ingentia</span> <span class='ocrx_word' id='word_1_389' title='bbox 2016 4459 2163 4512; x_wconf 77' lang='lat' dir='ltr'>ferro</span> <span class='ocrx_word' id='word_1_390' title='bbox 2208 4459 2461 4528; x_wconf 83' lang='lat' dir='ltr'>pectora:</span> <span class='ocrx_word' id='word_1_391' title='bbox 2516 4475 2647 4512; x_wconf 85' lang='lat' dir='ltr'>nam</span> <span class='ocrx_word' id='word_1_392' title='bbox 2694 4459 2859 4526; x_wconf 87' lang='lat' dir='ltr'>tergo</span> <span class='ocrx_word' id='word_1_393' title='bbox 2910 4475 3215 4524; x_wconf 87' lang='lat' dir='ltr'>numquam</span> 
     </span>
     <span class='ocr_line' id='line_1_42' title="bbox 655 4527 3213 4610; baseline -0.001 -28"><span class='ocrx_word' id='word_1_394' title='bbox 655 4535 836 4584; x_wconf 82' lang='lat' dir='ltr'>metus</span> <span class='ocrx_word' id='word_1_395' title='bbox 875 4529 1092 4582; x_wconf 73' lang='lat' dir='ltr'>Statius</span> <span class='ocrx_word' id='word_1_396' title='bbox 1147 4533 1166 4600; x_wconf 82' lang='grc' dir='ltr'>ΙΙ</span> <span class='ocrx_word' id='word_1_397' title='bbox 1223 4535 1288 4582; x_wconf 81' lang='grc'>17</span> <span class='ocrx_word' id='word_1_398' title='bbox 1327 4527 1506 4582; x_wconf 73' lang='lat' dir='ltr'>fexilli</span> <span class='ocrx_word' id='word_1_399' title='bbox 1553 4529 1882 4610; x_wconf 73' lang='lat' dir='ltr'>argumento</span> <span class='ocrx_word' id='word_1_400' title='bbox 1921 4529 1985 4580; x_wconf 87' lang='lat' dir='ltr'><em>F</em></span> <span class='ocrx_word' id='word_1_401' title='bbox 2036 4531 2051 4598; x_wconf 83' lang='grc' dir='ltr'>ΙΙ</span> <span class='ocrx_word' id='word_1_402' title='bbox 2108 4535 2175 4584; x_wconf 86' lang='grc'>18</span> <span class='ocrx_word' id='word_1_403' title='bbox 2226 4533 2289 4582; x_wconf 87' lang='lat' dir='ltr'>et</span> <span class='ocrx_word' id='word_1_404' title='bbox 2322 4529 2661 4598; x_wconf 82' lang='lat' dir='ltr'>spondiazon</span> <span class='ocrx_word' id='word_1_405' title='bbox 2696 4529 2831 4580; x_wconf 81' lang='lat' dir='ltr'>LH</span> <span class='ocrx_word' id='word_1_406' title='bbox 2882 4529 3213 4596; x_wconf 84' lang='lat' dir='ltr'>spondaicus</span> 
     </span>
     <span class='ocr_line' id='line_1_43' title="bbox 651 4599 3213 4682; baseline -0.002 -28"><span class='ocrx_word' id='word_1_407' title='bbox 651 4603 814 4682; x_wconf 64' lang='grc' dir='ltr'><strong><em>υμῑρο</em></strong></span> <span class='ocrx_word' id='word_1_408' title='bbox 853 4601 870 4670; x_wconf 90' lang='grc' dir='ltr'>ΙΙ</span> <span class='ocrx_word' id='word_1_409' title='bbox 921 4603 992 4654; x_wconf 82' lang='lat' dir='ltr'>ad</span> <span class='ocrx_word' id='word_1_410' title='bbox 1029 4619 1076 4656; x_wconf 82' lang='lat' dir='ltr'>v.</span> <span class='ocrx_word' id='word_1_411' title='bbox 1117 4607 1222 4654; x_wconf 84' lang='lat'>634</span> <span class='ocrx_word' id='word_1_412' title='bbox 1261 4601 1324 4652; x_wconf 74' lang='lat' dir='ltr'>in</span> <span class='ocrx_word' id='word_1_413' title='bbox 1357 4617 1532 4670; x_wconf 62' lang='lat' dir='ltr'>onar9.</span> <span class='ocrx_word' id='word_1_414' title='bbox 1569 4601 1888 4670; x_wconf 84' lang='lat' dir='ltr'>reciprocus</span> <span class='ocrx_word' id='word_1_415' title='bbox 1927 4601 2015 4652; x_wconf 85' lang='lat' dir='ltr'>est</span> <span class='ocrx_word' id='word_1_416' title='bbox 2050 4615 2243 4654; x_wconf 81' lang='lat' dir='ltr'>uersus</span> <span class='ocrx_word' id='word_1_417' title='bbox 2286 4601 2339 4652; x_wconf 88' lang='lat' dir='ltr'>et</span> <span class='ocrx_word' id='word_1_418' title='bbox 2378 4601 2457 4654; x_wconf 88' lang='lat' dir='ltr'>ita</span> <span class='ocrx_word' id='word_1_419' title='bbox 2498 4599 2839 4682; x_wconf 80' lang='lat' dir='ltr'>compositus</span> <span class='ocrx_word' id='word_1_420' title='bbox 2878 4601 2941 4652; x_wconf 87' lang='lat' dir='ltr'>ut</span> <span class='ocrx_word' id='word_1_421' title='bbox 2976 4599 3213 4652; x_wconf 83' lang='lat' dir='ltr'>tunden</span> 
     </span>
     <span class='ocr_line' id='line_1_44' title="bbox 653 4667 3215 4742; baseline -0.001 -16"><span class='ocrx_word' id='word_1_422' title='bbox 653 4671 796 4726; x_wconf 86' lang='lat' dir='ltr'>tium</span> <span class='ocrx_word' id='word_1_423' title='bbox 841 4671 1176 4726; x_wconf 86' lang='lat' dir='ltr'>malleorum</span> <span class='ocrx_word' id='word_1_424' title='bbox 1221 4689 1484 4726; x_wconf 84' lang='lat' dir='ltr'>numerus</span> <span class='ocrx_word' id='word_1_425' title='bbox 1533 4673 1840 4726; x_wconf 85' lang='lat' dir='ltr'>immitetur</span> <span class='ocrx_word' id='word_1_426' title='bbox 1885 4669 1936 4724; x_wconf 78' lang='lat' dir='ltr'><em>T</em></span> <span class='ocrx_word' id='word_1_427' title='bbox 1980 4673 2003 4738; x_wconf 87' lang='grc' dir='ltr'>ΙΙ</span> <span class='ocrx_word' id='word_1_428' title='bbox 2062 4679 2123 4726; x_wconf 87' lang='grc'>19</span> <span class='ocrx_word' id='word_1_429' title='bbox 2174 4673 2315 4726; x_wconf 83' lang='lat' dir='ltr'>bene</span> <span class='ocrx_word' id='word_1_430' title='bbox 2360 4671 2711 4742; x_wconf 84' lang='lat' dir='ltr'>amphibolos</span> <span class='ocrx_word' id='word_1_431' title='bbox 2762 4669 3095 4738; x_wconf 82' lang='lat' dir='ltr'>(amfybolos</span> <span class='ocrx_word' id='word_1_432' title='bbox 3136 4667 3215 4740; x_wconf 78' lang='lat' dir='ltr'>F)</span> 
     </span>
     <span class='ocr_line' id='line_1_45' title="bbox 649 4739 3213 4814; baseline 0 -18"><span class='ocrx_word' id='word_1_433' title='bbox 649 4743 792 4798; x_wconf 83' lang='lat' dir='ltr'>dixit</span> <span class='ocrx_word' id='word_1_434' title='bbox 817 4741 1002 4798; x_wconf 74' lang='lat' dir='ltr'>SRF</span> <span class='ocrx_word' id='word_1_435' title='bbox 1019 4747 1044 4814; x_wconf 80' lang='grc' dir='ltr'><strong><em>Η</em></strong></span> <span class='ocrx_word' id='word_1_436' title='bbox 1067 4761 1200 4798; x_wconf 81' lang='lat' dir='ltr'>nam</span> <span class='ocrx_word' id='word_1_437' title='bbox 1229 4747 1290 4798; x_wconf 86' lang='lat' dir='ltr'>et</span> <span class='ocrx_word' id='word_1_438' title='bbox 1317 4743 1614 4798; x_wconf 84' lang='lat' dir='ltr'>classicum</span> <span class='ocrx_word' id='word_1_439' title='bbox 1639 4745 1712 4798; x_wconf 85' lang='lat' dir='ltr'><em>M</em></span> <span class='ocrx_word' id='word_1_440' title='bbox 1735 4745 1756 4810; x_wconf 81' lang='grc' dir='ltr'>ΙΙ</span> <span class='ocrx_word' id='word_1_441' title='bbox 1795 4749 1858 4796; x_wconf 86' lang='grc'>21</span> <span class='ocrx_word' id='word_1_442' title='bbox 1891 4743 1965 4796; x_wconf 86' lang='lat' dir='ltr'>ad</span> <span class='ocrx_word' id='word_1_443' title='bbox 1992 4761 2043 4806; x_wconf 82' lang='grc' dir='ltr'>υ.</span> <span class='ocrx_word' id='word_1_444' title='bbox 2074 4751 2177 4800; x_wconf 84' lang='grc'>637</span> <span class='ocrx_word' id='word_1_445' title='bbox 2204 4747 2273 4798; x_wconf 74' lang='lat' dir='ltr'>in</span> <span class='ocrx_word' id='word_1_446' title='bbox 2302 4743 2613 4798; x_wconf 74' lang='lat' dir='ltr'>Turonensi</span> <span class='ocrx_word' id='word_1_447' title='bbox 2642 4743 2707 4796; x_wconf 85' lang='lat' dir='ltr'>ab</span> <span class='ocrx_word' id='word_1_448' title='bbox 2732 4757 2797 4796; x_wconf 97' lang='grc'>60</span> <span class='ocrx_word' id='word_1_449' title='bbox 2824 4745 2921 4810; x_wconf 74' lang='lat' dir='ltr'>qui</span> <span class='ocrx_word' id='word_1_450' title='bbox 2954 4739 3029 4794; x_wconf 85' lang='grc' dir='ltr'><em>Τ</em></span> <span class='ocrx_word' id='word_1_451' title='bbox 3004 4757 3213 4796; x_wconf 64' lang='lat' dir='ltr'>aroma</span> 
     </span>
     <span class='ocr_line' id='line_1_46' title="bbox 645 4811 3215 4884; baseline -0.002 -16"><span class='ocrx_word' id='word_1_452' title='bbox 645 4817 734 4868; x_wconf 79' lang='lat' dir='ltr'>m‘s</span> <span class='ocrx_word' id='word_1_453' title='bbox 771 4817 920 4868; x_wconf 76' lang='lat' dir='ltr'>notis</span> <span class='ocrx_word' id='word_1_454' title='bbox 951 4817 1212 4870; x_wconf 74' lang='lat' dir='ltr'>utebatur</span> <span class='ocrx_word' id='word_1_455' title='bbox 1249 4817 1380 4870; x_wconf 72' lang='lat' dir='ltr'>leaeo</span> <span class='ocrx_word' id='word_1_456' title='bbox 1411 4817 1694 4882; x_wconf 76' lang='lat' dir='ltr'>adscripta</span> <span class='ocrx_word' id='word_1_457' title='bbox 1719 4819 1852 4868; x_wconf 75' lang='lat' dir='ltr'>sunt</span> <span class='ocrx_word' id='word_1_458' title='bbox 1891 4817 2105 4868; x_wconf 82' lang='lat' dir='ltr'>tessera</span> <span class='ocrx_word' id='word_1_459' title='bbox 2144 4815 2367 4884; x_wconf 82' lang='lat' dir='ltr'>signum</span> <span class='ocrx_word' id='word_1_460' title='bbox 2406 4815 2609 4868; x_wconf 86' lang='lat' dir='ltr'>dicitur</span> <span class='ocrx_word' id='word_1_461' title='bbox 2648 4811 2891 4868; x_wconf 82' lang='lat' dir='ltr'>militare</span> <span class='ocrx_word' id='word_1_462' title='bbox 2926 4813 3077 4880; x_wconf 83' lang='lat' dir='ltr'>quod</span> <span class='ocrx_word' id='word_1_463' title='bbox 3120 4815 3215 4866; x_wconf 84' lang='lat' dir='ltr'>aut</span> 
     </span>
     <span class='ocr_line' id='line_1_47' title="bbox 643 4883 3215 4942; baseline -0.002 -2"><span class='ocrx_word' id='word_1_464' title='bbox 643 4887 838 4940; x_wconf 85' lang='lat' dir='ltr'>uocale</span> <span class='ocrx_word' id='word_1_465' title='bbox 879 4889 1004 4940; x_wconf 84' lang='lat' dir='ltr'>crat</span> <span class='ocrx_word' id='word_1_466' title='bbox 1039 4889 1140 4940; x_wconf 86' lang='lat' dir='ltr'>aut</span> <span class='ocrx_word' id='word_1_467' title='bbox 1177 4889 1414 4942; x_wconf 86' lang='lat' dir='ltr'>mutum.</span> <span class='ocrx_word' id='word_1_468' title='bbox 1469 4889 1710 4940; x_wconf 85' lang='lat' dir='ltr'>uocale.</span> <span class='ocrx_word' id='word_1_469' title='bbox 1741 4885 1800 4940; x_wconf 86' lang='lat' dir='ltr'>in</span> <span class='ocrx_word' id='word_1_470' title='bbox 1835 4901 1973 4938; x_wconf 85' lang='lat' dir='ltr'>uoce</span> <span class='ocrx_word' id='word_1_471' title='bbox 2012 4889 2229 4940; x_wconf 85' lang='lat' dir='ltr'>mutum</span> <span class='ocrx_word' id='word_1_472' title='bbox 2258 4903 2435 4940; x_wconf 76' lang='lat' dir='ltr'>uero,</span> <span class='ocrx_word' id='word_1_473' title='bbox 2462 4887 2525 4938; x_wconf 89' lang='lat' dir='ltr'>in</span> <span class='ocrx_word' id='word_1_474' title='bbox 2560 4883 2783 4940; x_wconf 83' lang='lat' dir='ltr'>uexillis</span> <span class='ocrx_word' id='word_1_475' title='bbox 2816 4885 2913 4938; x_wconf 89' lang='lat' dir='ltr'>uel</span> <span class='ocrx_word' id='word_1_476' title='bbox 2946 4883 3007 4938; x_wconf 87' lang='lat' dir='ltr'>in</span> <span class='ocrx_word' id='word_1_477' title='bbox 3042 4883 3215 4936; x_wconf 81' lang='lat' dir='ltr'>scutis</span> 
     </span>
     <span class='ocr_line' id='line_1_48' title="bbox 643 4955 3213 5026; baseline -0.002 -16"><span class='ocrx_word' id='word_1_478' title='bbox 643 4957 734 5010; x_wconf 86' lang='lat' dir='ltr'>uel</span> <span class='ocrx_word' id='word_1_479' title='bbox 785 4955 954 5010; x_wconf 80' lang='lat' dir='ltr'>etiam</span> <span class='ocrx_word' id='word_1_480' title='bbox 1001 4957 1060 5010; x_wconf 89' lang='lat' dir='ltr'>in</span> <span class='ocrx_word' id='word_1_481' title='bbox 1109 4959 1492 5024; x_wconf 85' lang='lat' dir='ltr'>uestimentis,</span> <span class='ocrx_word' id='word_1_482' title='bbox 1545 4957 1612 5010; x_wconf 83' lang='lat' dir='ltr'>ab</span> <span class='ocrx_word' id='word_1_483' title='bbox 1653 4957 1768 5012; x_wconf 80' lang='lat' dir='ltr'>alio</span> <span class='ocrx_word' id='word_1_484' title='bbox 1801 4957 1932 5010; x_wconf 79' lang='lat' dir='ltr'>haee</span> <span class='ocrx_word' id='word_1_485' title='bbox 1976 4957 2191 5012; x_wconf 86' lang='lat' dir='ltr'>tessera</span> <span class='ocrx_word' id='word_1_486' title='bbox 2240 4955 2533 5012; x_wconf 79' lang='lat' dir='ltr'>dicebatur</span> <span class='ocrx_word' id='word_1_487' title='bbox 2576 4955 2803 5026; x_wconf 83' lang='lat' dir='ltr'>pr0p1ie</span> <span class='ocrx_word' id='word_1_488' title='bbox 2852 4955 3009 5010; x_wconf 84' lang='lat' dir='ltr'>ducis</span> <span class='ocrx_word' id='word_1_489' title='bbox 3052 4971 3213 5024; x_wconf 83' lang='lat' dir='ltr'>prae-</span> 
     </span>
    </p>
   </div>
   <div class='ocr_carea' id='block_1_8' title="bbox 639 5023 3201 5164">
    <p class='ocr_par' dir='ltr' id='par_1_14' title="bbox 639 5023 3201 5164">
     <span class='ocr_line' id='line_1_49' title="bbox 645 5023 3201 5106; baseline -0.002 -26"><span class='ocrx_word' id='word_1_490' title='bbox 645 5029 870 5106; x_wconf 83' lang='lat' dir='ltr'>ceptum</span> <span class='ocrx_word' id='word_1_491' title='bbox 901 5045 1012 5092; x_wconf 84' lang='lat' dir='ltr'>quo</span> <span class='ocrx_word' id='word_1_492' title='bbox 1039 5029 1110 5080; x_wconf 85' lang='lat' dir='ltr'>ad</span> <span class='ocrx_word' id='word_1_493' title='bbox 1141 5029 1352 5082; x_wconf 86' lang='lat' dir='ltr'>bellum</span> <span class='ocrx_word' id='word_1_494' title='bbox 1383 5027 1882 5098; x_wconf 82' lang='lat' dir='ltr'>proficiscebantur</span> <span class='ocrx_word' id='word_1_495' title='bbox 1901 5027 1991 5078; x_wconf 84' lang='lat' dir='ltr'>uel</span> <span class='ocrx_word' id='word_1_496' title='bbox 2022 5029 2497 5096; x_wconf 79' lang='lat' dir='ltr'>regrediebantur.</span> <span class='ocrx_word' id='word_1_497' title='bbox 2528 5029 2545 5097; x_wconf 80' lang='grc' dir='ltr'>ΙΙ</span> <span class='ocrx_word' id='word_1_498' title='bbox 2572 5027 2633 5080; x_wconf 86' lang='lat' dir='ltr'>id</span> <span class='ocrx_word' id='word_1_499' title='bbox 2662 5045 2717 5082; x_wconf 80' lang='lat' dir='ltr'>es</span> <span class='ocrx_word' id='word_1_500' title='bbox 2694 5029 2747 5082; x_wconf 85' lang='grc'>613</span> <span class='ocrx_word' id='word_1_501' title='bbox 2774 5025 3089 5096; x_wconf 80' lang='lat' dir='ltr'>symbolum</span> <span class='ocrx_word' id='word_1_502' title='bbox 3116 5023 3201 5090; x_wconf 91' lang='grc' dir='ltr'><strong><em>Γ</em></strong></span> 
     </span>
     <span class='ocr_line' id='line_1_50' title="bbox 639 5095 1350 5164; baseline 0 -12"><span class='ocrx_word' id='word_1_503' title='bbox 639 5105 706 5152; x_wconf 92' lang='grc'>22</span> <span class='ocrx_word' id='word_1_504' title='bbox 745 5095 986 5164; x_wconf 81' lang='lat' dir='ltr'>scilicet]</span> <span class='ocrx_word' id='word_1_505' title='bbox 1029 5099 1084 5150; x_wconf 86' lang='lat' dir='ltr'>et</span> <span class='ocrx_word' id='word_1_506' title='bbox 1123 5099 1250 5152; x_wconf 83' lang='lat' dir='ltr'>add.</span> <span class='ocrx_word' id='word_1_507' title='bbox 1291 5099 1350 5152; x_wconf 75' lang='lat' dir='ltr'><em>F</em></span> 
     </span>
    </p>
   </div>
  </div>
 </body>
</html>
