3900 5784
1561 1275 1854 1340 SERVH
1905 1271 2471 1342 GRAMMATICI

859 1443 976 1526 IN
979 1373 986 1386 ‘
1039 1445 1510 1532 VERGILII
1573 1441 2097 1532 AENEIDOS
2164 1441 2569 1530 LIBRVM
2636 1439 3171 1528 SEPTIMVM

1591 1583 2435 1674 COMMENTARIVS.

919 1810 970 1874 1.
1047 1809 1138 1874 Vt
1187 1813 1250 1874 et
1297 1811 1362 1874 in
1411 1811 1726 1896 principio
1777 1811 2081 1896 diximm,
2138 1811 2207 1876 in
2264 1811 2421 1874 duas
2472 1811 2695 1894 partes
2754 1809 2879 1872 hoo
2924 1829 3085 1892 opus
3138 1809 3293 1874 divi-

729 1937 874 1978 sum
945 1919 1072 1980 est:
1135 1937 1292 1980 nam
1341 1917 1540 2000 primi
1595 1937 1708 1980 sex
1763 1917 1840 1980 ad
1899 1917 2251 2000 imaginem
2300 1915 2613 2000 Odyssiae
2672 1913 2825 1980 dicti
2884 1917 3059 2000 sunt,
3128 1937 3287 2000 quos

727 2041 1154 2104 personarum
1215 2025 1284 2084 et
1337 2019 1822 2084 adlocutionum
1887 2021 2205 2084 varietate
2270 2025 2531 2086 constat
2590 2041 2731 2084 esse
2798 2021 3157 2112 graviores,
3216 2021 3289 2084 hi

725 2131 946 2192 autem
1001 2149 1112 2192 sex
1171 2129 1282 2210 qui
1333 2133 1674 2210 sequuntur
1723 2129 1808 2192 ad
1859 2127 2213 2212 imaginem
2274 2127 2517 2192 Iliados
2578 2127 2733 2192 dicti
2800 2129 2977 2210 sunt,
3044 2129 3155 2210 qui
3216 2129 3287 2192 in

649 2249 686 2298 5
721 2235 1008 2320 negotiis
1067 2233 1410 2300 validiores
1467 2237 1652 2300 sunt:
1703 2255 1854 2300 nam
1907 2239 1969 2300 et
2018 2235 2157 2318 ipse
2200 2235 2325 2300 hoc
2372 2233 2533 2298 dicit
2574 2231 2747 2318 (45)
2792 2233 3037 2298 maius
3096 2255 3285 2318 opus

721 2363 1002 2408 moveo,
1095 2345 1164 2406 et
1205 2363 1276 2406 re
1321 2363 1474 2408 vera
1523 2343 1846 2428 tragicum
1897 2363 2061 2426 opus
2106 2345 2233 2426 est,
2294 2341 2405 2406 ubi
2456 2345 2709 2406 tantum
2772 2341 2941 2404 bella
2996 2345 3283 2406 tractan-

717 2455 840 2514 tur.
1015 2467 1108 2516 TV
1157 2465 1440 2526 QVOQVE
1489 2449 1658 2516 sicut
1699 2447 2019 2540 Misenusi,
2062 2447 2409 2514 Palinurus
2452 2449 2671 2512 etiam.
2830 2465 3127 2514 NOSTRIS
3170 2447 3283 2514 hoc

717 2561 808 2620 est
839 2555 1110 2640 Italicis,
1149 2559 1412 2620 utnon
1447 2555 1706 2620 eadem
1747 2555 2165 2628 arboribus
2208 2555 2493 2636 pendet
2530 2555 2917 2618 vindemia
2950 2555 3281 2640 nostrie,

715 2681 868 2744 non,
907 2663 978 2724 ut
1007 2659 1310 2728 Donatus
1347 2663 1460 2746 ait,
1495 2663 1568 2726 in
1591 2663 2111 2744 comparationem
2140 2661 2347 2726 oceani
2384 2661 2881 2748 navigabilibUS.
2938 2681 2941 2684 ’
3016 2679 3277 2726 ΑΕΝΕΙΑ

609 2783 682 2830 10
715 2787 980 2834 NVTRIX
1025 2769 1192 2838 hanc
1227 2769 1358 2834 alii
1377 2769 1666 2854 Aeneae,
1711 2769 1824 2832 alii
1861 2767 2167 2852 Creusae,
2210 2767 2325 2834 alii
2362 2769 2629 2834 Ascanii
2674 2767 2993 2834 nutricem
3030 2771 3275 2834 volunt.

715 2877 952 2942 lectum
1015 2879 1236 2940 tamen
1303 2879 1402 2942 est
1461 2875 1536 2938 in
1589 2875 1944 2960 philologis
2014 2875 2075 2940 in
2138 2873 2263 2940 hoc
2314 2875 2457 2940 loco
2516 2875 2789 2940 classem
2844 2873 3275 2940 Troianorum

715 3005 866 3046 casu
917 2985 1420 3064 concrematam,
1465 2979 1634 3044 unde
1681 2979 1912 3046 Caieta
1954 2981 2127 3044 dicta
2174 2985 2301 3062 est,
2344 2975 2475 3044 ἀπὸ
2528 2981 2651 3044 τοῦ
2692 2983 2927 3044 καίειν.

891 3089 952 3154 8.
1027 3107 1296 3154 SERVAT
1355 3091 1570 3172 tenet,
1631 3085 1948 3172 possidet,
2014 3089 2087 3152 ut
2146 3087 2579 3152 servantem
2638 3087 2847 3170 ripas
2908 3087 3067 3152 alta
3122 3111 3273 3152 non

709 3195 916 3260 vidit
955 3195 1036 3258 in
1081 3195 1334 3260 herb-a.
1479 3211 1830 3260 HESPERIA
1867 3213 1944 3260 IN
1982 3209 2231 3260 MAGNA
2282 3191 2561 3278 emagna’
2610 3197 2881 3278 propter
2916 3193 3271 3278 Hispaniae

481 3353 488 3362 .
603 3311 674 3362 15
713 3301 1190 3366 discretionem.

887 3407 946 3470 4.
1025 3425 1088 3472 SI
1137 3425 1282 3486 QVA
1321 3425 1450 3472 EST
1497 3425 1590 3472 EA
1639 3425 1904 3476 GLORIA
1958 3407 2313 3498 secundum
2368 3407 2743 3492 Epicureos,
2830 3409 2999 3474 bene
3052 3411 3269 3472 autem

705 3515 976 3578 interest
1023 3515 1232 3578 funeri
1291 3519 1638 3602 postquam
1687 3517 1790 3580 ab·
1815 3515 2043 3582 inferis
2084 3515 2307 3600 rediit,
2370 3515 2537 3580 sicut
2578 3515 2875 3580 interfuit
2920 3520 3267 3600 antequam

707 3621 1148 3706 descenderet,
1193 3627 1270 3686 ut
1315 3623 1594 3688 medium
1647 3627 1858 3688 actum
1909 3623 2297 3688 ostenderet.

883 3729 964 3792 6..
1017 3745 1374 3806 QVIERVNT
1425 3727 1682 3794 Hebrus
1729 3727 2093 3814 ‘quierant'
2144 3729 2321 3812 legit.

845 3907 878 3956 8
917 3917 1030 3956 11011
1067 3901 1290 3972 eadem]
1327 3919 1518 3972 georg.
1557 3903 1608 3956 II
1649 3909 1712 3958 89
1771 3905 1792 3970 ΙΙ
1841 3909 1874 3956 9
1915 3903 2189 3974 Donatus]
2240 3905 2307 3958 cf.
2346 3903 2485 3960 Don.
2528 3903 2597 3956 ad
2636 3903 2759 3960 Ter.
2796 3919 2919 3958 eun.
2958 3905 3013 3956 II
3048 3911 3099 3972 3,
3138 3911 3203 3958 22
3242 3903 3263 3974 Η

701 3977 766 4026 11
803 3973 1014 4028 ‘lectum
1057 4015 1066 4028 .
1099 4013 1110 4026 .
1147 4017 1158 4028 .
1197 3975 1408 4044 καίειν]
1447 3973 1516 4028 cf.
1553 3977 1682 4028 Aur.
1711 3975 1858 4028 Vict.
1891 3991 1963 4028 or.
1996 3991 2051 4042 g.
2080 3975 2147 4032 R.
2178 3981 2243 4028 10
2272 3977 2291 4046 ΙΙ
2332 3981 2399 4028 13
2438 3977 2779 4046 servantem]
2816 3991 3009 4044 georg.
3046 3975 3125 4028 IV
3152 3979 3257 4028 459

841 4137 868 4186 1
925 4133 1032 4188 hoc
1079 4149 1220 4202 opus
1267 4131 1326 4186 in
1371 4133 1512 4188 duas
1557 4137 1748 4202 partes
1787 4133 1838 4186 R
1885 4135 1906 4204 ΙΙ
1956 4133 2123 4204 opus]
2174 4149 2371 4204 corpus
2420 4129 2471 4188 V
2504 4135 2825 4190 Burmanni
2870 4135 2891 4206 ΙΙ
2942 4141 2975 4190 2
3016 4133 3257 4190 odissiae

695 4203 900 4258 RFH
907 4205 978 4258 M
1033 4201 1240 4260 odisiae
1283 4205 1334 4256 L
1359 4203 1380 4272 ΙΙ
1419 4211 1450 4256 4
1487 4205 1562 4258 ad
1597 4205 1971 4260 imitationem
2004 4205 2209 4262 'iliados
2250 4205 2309 4258 F
2330 4207 2351 4274 ΙΙ
2378 4205 2561 4260 iliadis
2590 4205 2805 4260 BHM
2824 4207 2845 4274 ΙΙ
2884 4213 2915 4262 6
2950 4205 3255 4276 tragicum]

695 4275 936 4334 triacum
969 4275 1042 4328 H
1069 4277 1088 4346 ΙΙ
1129 4281 1164 4328 8
1199 4291 1312 4328 non
1349 4291 1448 4328 om.
1479 4275 1590 4330 AS
1623 4277 1646 4344 ΙΙ
1687 4281 1716 4328 9
1755 4291 1864 4330 non
1903 4277 1967 4328 ut
2006 4317 2015 4328 .
2048 4319 2061 4330 .
2092 4319 2105 4330 .
2148 4277 2559 4346 navigabilibus
2596 4295 2695 4332 om.
2738 4277 2933 4332 RLH
2960 4279 3045 4346 (in
3078 4295 3251 4346 mam.

697 4349 826 4400 add.
855 4349 898 4416 Z)
925 4349 1080 4418 1111011
1117 4349 1182 4400 ut
1215 4361 1318 4400 om.
1345 4345 1426 4400 M
1441 4347 1460 4414 ΙΙ
1487 4343 1844 4416 nauigalibus
1887 4349 1961 4400 M
1984 4347 2003 4416 ΙΙ
2034 4351 2095 4400 11
2138 4349 2345 4404 lectum
2384 4349 2693 4404 esttamen
2726 4349 2789 4402 F
2806 4351 2827 4418 Π
2854 4349 3173 4418 phylologis
3200 4349 3257 4400 L

663 4475 676 4482 ,,
697 4417 752 4486 (i.
787 4433 830 4472 e.
869 4417 930 4472 in
965 4415 1126 4474 libris
1165 4417 1504 4472 naturalium
1543 4415 1942 4472 sententiarum
1980 4433 2249 4484 superma
2286 4421 2321 4488 l)
2350 4421 2373 4490 ΙΙ
2402 4419 2633 4474 classem
2670 4463 2681 4474 .
2714 4463 2727 4474 .
2762 4463 2773 4474 .
2812 4421 3251 4488 concrematam]

619 4491 628 4496 ’
691 4505 824 4542 casu
863 4487 1100 4544 classem
1137 4489 1420 4544 incensam
1459 4505 1578 4542 esse
1615 4487 1898 4544 troianam
1933 4487 2011 4544 M
2040 4489 2057 4558 {l
2106 4497 2171 4544 12
2210 4491 2367 4560 casu]
2406 4491 2485 4544 ibi
2522 4493 2651 4546 add.
2686 4491 2753 4544 F
2774 4493 2791 4560 ΙΙ
2836 4493 3251 4546 concrematum

691 4559 734 4614 S
769 4561 790 4628 ΙΙ
833 4559 988 4614 caiea
1027 4561 1094 4614 H
1121 4565 1144 4632 ΙΙ
1183 4577 1564 4614 mornrxnem
1601 4561 1658 4612 A
1711 4577 1926 4616 affori-or
1960 4577 2115 4614 neem
2154 4559 2211 4616 F
2264 4577 2375 4616 ano
2410 4579 2517 4616 ror
2548 4579 2681 4616 xeen
2720 4561 2795 4614 M
2822 4561 2905 4628 (id
2940 4563 3029 4616 est
3062 4565 3251 4616 accre-

689 4629 940 4684 matione
975 4645 1242 4700 superscr.
1275 4633 1346 4700 m)
1375 4633 1396 4702 ΙΙ
1425 4637 1486 4686 13
1529 4631 1614 4700 ris>
1645 4631 1696 4684 R
1733 4631 1906 4700 (ripas
1941 4631 1995 4700 r)
2024 4631 2043 4696 ΙΙ
2066 4633 2181 4688 alte
2210 4631 2345 4686 RH
2374 4633 2515 4702 (alta
2546 4635 2599 4700 r)
2630 4635 2649 4704 Ι]
2676 4637 2743 4686 16
2780 4631 3109 4704 Epicureos]
3152 4631 3251 4700 qui

691 4703 886 4754 dicunt
931 4701 1064 4756 deos
1111 4721 1224 4758 non
1275 4721 1462 4758 curare
1517 4701 1780 4758 mortalia
1823 4705 1950 4760 add.
1994 4701 2069 4754 M
2076 4703 2123 4768 l,
2174 4721 2299 4756 cum
2344 4719 2415 4758 ea
2456 4719 2545 4756 res
2592 4703 2737 4756 nihil
2782 4703 2855 4756 ad
2900 4707 3249 4758 mortuorum

689 4773 1042 4842 voluptatem
1079 4775 1322 4828 attineat
1355 4775 1706 4830 sentiendam
1745 4775 1870 4832 add.
1911 4771 2213 4830 Fabricius
2258 4777 2279 4844 ΙΙ
2332 4779 2399 4828 18
2436 4775 2629 4828 actum
2756 4817 2767 4830 .
2802 4773 2857 4844 L
2900 4775 3071 4844 (supr.
3110 4773 3245 4828 viere.

687 4847 816 4900 add.
845 4845 890 4912 ἶ)
919 4845 938 4914 ΙΙ
965 4849 1032 4898 19
1053 4843 1256 4898 hebrus
1285 4845 1396 4898 AS
1405 4845 1598 4900 FLH
1607 4847 1682 4900 M
1687 4867 1700 4898 ε
1741 4845 1967 4900 hebrius
1996 4841 2065 4910 R,
2104 4849 2265 4900 cuius
2298 4847 2363 4900 in
2396 4861 2567 4914 mam.
2596 4789 2791 4902 Ῑιαῖἒηα
2816 4843 2981 4902 Petro
3010 4847 3245 4900 Daniele
