3900 5784
639 1195 672 1246 ὅ

609 1733 672 1780 10

613 2267 676 2318 15

609 2805 678 2850 20

613 3337 684 3388 25

711 601 800 664 40
1865 595 2109 650 SERVII

887 763 1036 824 207.
1111 773 1392 820 TERETIS
1445 775 1754 832 TRVNQOS
1809 755 2041 824 ‘teres'
2100 759 2203 820 est
2242 759 2593 822 rotundum
2640 755 2883 842 aliquid
2934 777 3077 816 cum
3114 779 3267 840 pro-

715 867 1002 946 ceritate,
1065 867 1136 928 ut
1183 863 1626 942 incumbens
1679 865 1916 928 tereti
1960 861 2253 928 Damon
2302 863 2413 930 sic
2456 867 2717 948 coepit
2764 863 3043 930 olivae.
3132 861 3269 928 Ho-

713 973 916 1036 ratius
965 971 1282 1034 brachia
1331 975 1404 1032 et
1451 971 1746 1036 vultum
1793 975 2235 1056 teretesque
2286 993 2503 1036 suras
2554 973 2857 1056 integer
2908 969 3153 1034 laudo.

885 1077 1036 1142 210.
1109 1095 1476 1142 EXTEMPLO
1551 1079 1716 1142 bene
1779 1077 1977 1142 verbo
2044 1101 2199 1144 usus
2264 1083 2363 1142 est
2434 1101 2777 1164 augurum,
2848 1083 2927 1142 ut
2988 1075 3265 1142 diximus

717 1207 908 1268 supra
957 1183 1030 1266 <I
1071 1185 1222 1268 92).

867 1291 1050 1356 211..
1113 1309 1578 1360 CVNOTANTEM
1615 1295 1788 1376 aliud
1825 1295 2065 1380 pendet
2098 1317 2179 1358 ex
2206 1293 2363 1358 alio:
2406 1293 2879 1378 ‘cunctantem’7
2922 1293 3073 1376 quia
3106 1293 3265 1358 ‘avi-

715 1399 876 1476 dus'‚
937 1401 1008 1462 ut
1065 1401 1366 1466 ostendat
1419 1407 1672 1468 tantam
1725 1385 1930 1468 fuisse
1984 1401 2305 1468 avellendi
2356 1401 2807 1486 cupiditatem,
2858 1405 2937 1464 ut
2976 1401 3163 1464 nulla
3206 1401 3267 1464 ei

715 1505 1086 1572 satisfacere
1147 1497 1374 1594 posset
1443 1509 1758 1574 celeritas:
1825 1533 1977 1574 nam
2046 1509 2411 1584 tardantem
2470 1509 2679 1574 dicere
2732 1531 2863 1572 non
2900 1529 3265 1590 possumus

713 1635 858 1674 eum
915 1613 1024 1696 qui
1081 1613 1368 1676 fataliter
1427 1617 1832 1698 sequebatur.
1925 1617 2039 1680 alii
2094 1615 2575 1680 ‘cunctantem'
2632 1615 2713 1678 ad
2772 1613 2913 1678 auri
2964 1617 3267 1676 naturam

711 1719 1026 1802 referunt,
1087 1719 1150 1782 id
1211 1721 1312 1782 est
1355 1720 1642 1806 mollem,
1703 1723 1854 1806 quia
1899 1723 2219 1806 paulatim
2262 1723 2589 1808 frangitur
2634 1727 2701 1814 et
2744 1719 3063 1784 lentescit.
3158 1719 3271 1782 alii

717 1823 1194 1892 ‘cunctantem'
1239 1847 1504 1912 gravem
1557 1827 1798 1910 dicunt,
1855 1831 1932 1890 ut
1976 1829 2299 1912 glaebas
2346 1831 2803 1894 cunctantes
2848 1847 3269 1910 crassaque

715 1935 938 2018 terga
983 1937 1326 2018 expecta.
3050 1997 3057 2006 .
3298 1937 3301 1942 ¹

891 2043 1040 2106 212.
1113 2059 1244 2106 NEC
1291 2057 1502 2106 MINVS
1553 2041 1756 2106 nihilo
1809 2041 2017 2106 minus
2064 2041 2179 2106 1116
2224 2041 2599 2106 deflebatur.
2762 2037 3071 2104 'INTEREA
3118 2039 3271 2102 dum

713 2145 850 2210 itur
895 2147 978 2212 ad
1023 2147 1236 2212 silvas

891 2253 1042 2320 213.
1113 2271 1422 2320 INGRATO
1479 2253 1682 2338 tristi,
1741 2257 1818 2318 ut
1869 2257 2127 2340 gratum
2188 2256 2431 2322 laetum
2482 2255 2727 2340 aliquid
2788 2253 3071 2320 dicimus».
3164 2253 3273 2316 alii

717 2361 1042 2446 fingrato’
1093 2361 1314 2426 dicunt
1359 2363 1640 2444 gratiam
1689 2385 1820 2426 non
1865 2363 2193 2430 sentienti.

893 2471 1042 2536 214.
1113 2487 1426 2534 PINGVEM
1473 2475 1586 2534 aut
1629 2469 1710 2534 de
1753 2469 1999 2534 Graeco
2050 2469 2383 2534 transtulit
2432 2465 2719 2550 λιπαρὰν
2768 2487 3099 2552 magnam:
3160 2469 3271 2532 aut

717 2575 1070 2662 hypallage
1117 2579 1242 2658 est,
1287 2577 1412 2640 hoc
1461 2581 1560 2640 est
1605 2577 1686 2640 de
1729 2577 2079 2660 pinguibus
2122 2575 2351 2640 taedis

893 2683 1044 2748 215.
1117 2673 1512 2748 FRONDIBVS
1563 2701 1758 2748 ATRIS
1811 2685 1981 2768 aptis
2032 2683 2113 2748 ad
2160 2683 2407 2748 funera.

895 2791 1044 2856 216.
1117 2807 1300 2854 ANTE
1363 2805 1744 2856 cvranssos
1817 2807 2301 2856 consrirvvur
2374 2811 2713 2876 cupressus
2786 2791 3127 2856 adhibetur
3194 2791 3277 2856 ad

719 2895 974 2982 funera,
1017 2897 1124 2962 vel
1173 2897 1344 2980 quod
1387 2917 1580 2962 caesa
1621 2919 1752 2964 non
1797 2897 2179 2980 repullulat,
2224 2897 2331 2962 vel
2374 2899 2551 2982 quod
2590 2919 2709 2982 per
2756 2919 2901 2964 eam
2944 2899 3277 2962 funestata

723 3003 1088 3068 ostenditur
1121 3003 1376 3088 (10111116,
1419 3003 1588 3070 sicut
1619 3005 1860 3068 laetam
1897 3003 2161 3068 frondes
2200 3003 2489 3068 indicant
2526 3003 2749 3070 festae.
2818 3003 3029 3070 Varro
3058 3009 3277 3068 tamen

723 3109 878 3174 dicit
925 3131 1120 3196 pyras
1167 3111 1314 3174 ideo
1359 3131 1662 3194 cupresso
1713 3111 2097 3176 circumdari
2146 3113 2425 3194 ‚propter
2476 3131 2741 3196 gravem
2788 3105 3077 3176 ustrinae
3124 3111 3277 3174 odo-

723 3237 886 3302 rem,
951 3239 1030 3282 ne
1093 3237 1166 3280 eo
1229 3217 1590 3282 offendatur
1647 3219 1872 3302 populi
1937 3217 2419 3282 circumstantis
2478 3239 2741 3302 corona,
2812 3241 2973 3304 quae
3030 3217 3281 3282 tamdiu

725 3325 950 3390 stabat
1017 3323 1414 3408 respondens
1485 3325 1742 3392 fletibus
1819 3327 2163 3410 praeficae‚
2234 3323 2305 3390 id
2376 3329 2477 3390 est
2542 3325 2819 3410 principi
2880 3328 3279 3410 planctuum,

727 3433 1032 3516 quamdiu
1083 3435 1464 3516 consumpto
1509 3427 1822 3498 cadavere
1865 3435 1934 3496 et
1978 3431 2271 3496 collectis
2322 3431 2643 3498 cineribus
2702 3431 3025 3496 diceretur
3066 3431 3283 3496 novis-

725 3529 972 3604 simum
1011 3539 1284 3602 verbum
1341 3537 1602 3622 ‘ilicet',
1653 3535 1842 3624 'quod
1905 3539 1995 3600 ire
2058 3537 2207 3600 licet
2264 3539 2613 3622 significat:
2682 3537 2847 3602 unde
2908 3541 3007 3604 est
3060 3537 3281 3620 (231)

723 3645 1074 3730 dixitque
1117 3645 1544 3712 novissima
1589 3647 1842 3712 verba.
2146 3629 2155 3636 ’

1035 3789 1150 3798 —.-—-·

865 3881 896 3928 2
937 3873 1286 3946 incumbens]
1329 3873 1456 3928 buc.
1491 3873 1624 3930 VIII
1665 3881 1728 3930 16
1755 3877 1776 3946 ΙΙ
1817 3873 2103 3947 Horatius]
2144 3891 2315 3930 carm.
2350 3875 2405 3926 II
2442 3879 2491 3942 4,
2530 3879 2593 3928 21
2624 3873 2649 3942 n
2694 3879 2755 3926 11
2800 3873 3053 3946 glaebas]
3088 3891 3281 3942 georg.

723 3945 776 3998 Π
815 3951 918 4000 236
947 3947 966 4016 u
993 3951 1062 4000 20
1101 3963 1388 4014 cupressus
1429 3945 1730 4002 adhibetur
1765 3965 1814 4002 e.
1847 3963 1900 4014 q.
1933 3946 1999 4017 6.]
2044 3947 2109 4002 cf.
2148 3947 2309 4002 Luct.
2344 3947 2495 4002 Plac.
2538 3945 2607 4000 ad
2648 3945 2789 4000 Stat.
2828 3945 3001 4000 Theb.
3046 3945 3121 4000 IV
3152 3951 3283 4014 4603

727 4035 924 4072 comm.
963 4019 1098 4072 Luc.
1133 4015 1218 4072 III
1251 4023 1382 4086 4423
1421 4019 1702 4086 mythogr.
1737 4017 1826 4072 III
1859 4025 1908 4086 6,
1949 4023 2017 4074 28

871 4217 900 4264 1
943 4231 1224 4278 rennuens
1259 4211 1324 4264 F
1361 4231 1640 4268 1036611116
1671 4213 1722 4266 G
1747 4215 1766 4284 ΙΙ
1805 4221 1836 4268 2
1873 4213 2083 4266 damon
2106 4213 2231 4266 AR
2268 4213 2469 4266 damno
2500 4209 2563 4264 F
2584 4215 2599 4284 [Ι
2628 4219 2663 4266 3
2698 4209 2893 4266 bracia
2920 4209 2979 4264 F
3002 4211 3021 4280 ΙΙ
3050 4215 3081 4264 4
3120 4213 3283 4268 schol.

727 4285 802 4338 ad
839 4299 884 4338 v.
927 4287 1030 4336 210
1071 4299 1170 4336 om.
1211 4281 1260 4338 G
1303 4285 1322 4352 11
1365 4287 1398 4336 6
1439 4285 1796 4338 cunctantem
1833 4299 1934 4352 om.
1972 4285 2053 4336 M
2080 4285 2099 4354 ΙΙ
2146 4289 2177 4338 7
2214 4285 2281 4336 ut
2318 4281 2597 4352 ostendat]
2640 4281 2885 4338 ostendit
2922 4281 3071 4336 enim
3106 4281 3225 4338 Fa
3264 4281 3283 4352 ΙΙ
3348 4317 3359 4330 .

729 4359 758 4408 8
789 4353 982 4422 posset
999 4351 1218 4408 ASM:
1245 4353 1428 4422 possit
1449 4353 1584 4408 RH
1587 4353 1648 4410 F
1653 4355 1706 4410 G
1729 4355 1748 4426 ΙΙ
1775 4355 2095 4410 tardantem
2122 4371 2191 4410 ex
2214 4353 2529 4410 tardentem
2550 4353 2659 4408 AS
2684 4355 2701 4423 ΙΙ
2728 4357 2799 4406 10
2824 4353 3075 4408 referunt
3096 4369 3195 4410 om.
3216 4353 3291 4408 H

729 4425 746 4496 ΙΙ
783 4425 948 4498 quia]
985 4425 1082 4494 qui
1115 4423 1230 4480 AS
1261 4427 1282 4494 ΙΙ
1329 4425 1408 4494 et]
1449 4425 1506 4480 id
1545 4429 1630 4482 est·
1665 4427 1830 4496 vulyo
1859 4427 1878 4498 fl
1927 4425 2023 4482 alii
2064 4469 2075 4482 .
2106 4467 2119 4482 .
2152 4471 2167 4482 .
2206 4425 2443 4496 expecta
2474 4439 2575 4478 om.
2612 4425 2733 4478 ΡΘ
2776 4425 2793 4494 Ι]
2840 4429 2905 4478 11
2934 4425 3137 4494 ‘glebes
3172 4425 3225 4478 A
3280 4425 3285 4496 Ι

729 4503 1068 4566 1261166966
1095 4499 1146 4550 A
1177 4497 1196 4566 1!
1225 4503 1290 4550 13
1329 4497 1534 4552 scholia
1573 4499 1644 4552 ad
1681 4513 1904 4550 1111111161
1941 4503 1993 4554 et
2024 4499 2099 4554 ad
2124 4515 2175 4552 v.
2206 4503 2309 4552 213
2336 4511 2437 4554 om.
2470 4495 2523 4548 G
2552 4498 2569 4568 [Ι
2596 4501 2663 4550 17
2702 4495 2815 4550 aud
2848 4511 2881 4548 e
2920 4513 3087 4566 greco
3118 4497 3235 4552 FG
3278 4497 3283 4568 1

727 4569 948 4622 libaran
975 4569 1030 4622 A
1085 4567 1378 4638 idepyram
1405 4567 1464 4622 R
1515 4575 1656 4638 para
1695 4569 1762 4622 H
1809 4569 2041 4638 lyparen
2080 4569 2155 4622 M
2200 4569 2455 4638 lipparan
2492 4563 2629 4620 FG.
2690 4585 2713 4620 e
2750 4567 3103 4638 Sa‘nyalle‘nsi
3138 4569 3285 4622 nihil

701 4661 714 4672 ··
729 4641 972 4694 enotavit
1005 4641 1276 4710 Haqenus
1311 4640 1332 4709 ΙΙ
1373 4655 1640 4708 magnum
1683 4639 1800 4692 FG
1843 4641 1860 4710 ll
1905 4643 2005 4694 aut
2042 4639 2305 4710 ypallage
2340 4639 2599 4708 (ypelage
2636 4639 2715 4708 F)
2770 4641 2947 4710 figura
2984 4641 3073 4692 est
3108 4637 3227 4694 ΕΘ
3264 4638 3283 4711 ΙΙ

731 4717 798 4766 19
837 4711 1044 4766 scholia
1081 4713 1154 4766 ad
1191 4729 1238 4766 v.
1279 4715 1380 4764 215
1421 4717 1470 4766 et
1505 4717 1610 4764 216
1649 4727 1748 4766 om.
1791 4711 1842 4766 G
1875 4713 1894 4782 ΙΙ
1933 4717 1997 4764 21
2038 4713 2257 4766 funesta
2294 4709 2403 4764 AS
2438 4709 2455 4778 ΙΙ
2494 4715 2565 4764 22
2602 4709 2773 4782 sicut]
2814 4711 2895 4764 sic
2932 4709 2991 4762 F
3024 4712 3043 4780 ΙΙ
3082 4715 3151 4762 23
3190 4725 3283 4764 611-

727 4799 930 4854 pressu
969 4783 1042 4836 M
1083 4785 1102 4854 ss
1155 4789 1226 4836 24
1263 4799 1332 4838 60
1365 4797 1468 4838 om.
1503 4783 1638 4836 RH
1677 4783 1698 4854 ΙΙ
1747 4787 1820 4836 25
1857 4783 2131 4848 praeficae
2178 4781 2401 4836 fletibus
2440 4779 2497 4832 F
2548 4781 2803 4836 flectibus
2836 4779 3129 4850 praefecae
3168 4781 3235 4834 H
3266 4781 3283 4852 1}

1907 4865 1944 4894 :n

727 4905 978 4980 principi
999 4905 1332 4976 planctuum
1359 4905 1512 4962 RH:
1553 4905 1794 4980 principi
1827 4907 2119 4976 placturnsi
2148 4907 2203 4962 A
2238 4909 2303 4976 (n
2336 4921 2595 4974 super-scr.
2626 4907 2741 4976 ‘lpse
2768 4911 2833 4960 ut
2854 4903 3073 4960 videtur
3106 4905 3283 4960 libra-

729 4981 872 5050 rius)
917 4977 1158 5050 principi
1197 4979 1584 5048 planctumum
1609 4979 1656 5034 S
1707 4979 2037 5048 planctuum
2074 4977 2317 5048 principi
2338 4977 2417 5028 M
2446 4975 2689 5046 principi
2752 4975 3007 5032 lanctum
3040 4973 3097 5028 F
3130 4975 3281 5046 prin-

731 5051 870 5124 cipis
907 5052 1236 5122 planctuum
1269 5051 1432 5118 vulqo
1459 5051 1476 5120 11
1503 5057 1574 5106 26
1611 5049 1838 5106 dicebat
1873 5049 1950 5104 M
1974 5051 1991 5120 ΙΙ
2020 5055 2087 5106 27
2124 5049 2283 5104 ilicet
2320 5091 2331 5102 .
2362 5089 2375 5100 .
2410 5091 2423 5100 .
2460 5049 2629 5102 verba
2660 4995 2771 5332 ff.
2800 5047 2859 5102 F
