3900 5784
747 647 874 708 154
1029 679 1040 684 -
1899 647 2145 702 SERVII

741 807 986 890 cordia,
1033 829 1196 890 quae
1247 813 1400 872 sunt
1439 809 1584 874 loca
1631 811 1806 874 cordi
1853 809 2095 894 vicina,
2142 813 2375 894 quibus
2420 833 2647 876 sensus
2692 809 3061 894 percipitur.
3154 807 3287 870 ‘an-

741 913 962 1000 guem'
1017 919 1234 980 autem
1281 915 1506 980 iniecit
1547 919 1802 998 partem
1853 915 1981 998 sui,
2028 915 2095 978 id
2140 921 2243 980 est
2284 919 2537 984 furoris..

919 1023 1066 1086 349.
1143 1037 1356 1086 LEVIA
1401 1023 1686 1108 pulchra.

917 1129 1064 1194 350.
1143 1145 1462 1224 ATTAOTY
1517 1145 1752 1194 NVLLO
1805 1129 1942 1192 Siue
2002 1153 2249 1216 morsu,
2308 1133 2443 1196 sine
2506 1155 2711 1194 sensit.
2890 1149 3289 1206 FALLITQVE

669 1253 700 1298 5
741 1253 1124 1302 FVRENTEM
1171 1235 1356 1300 inicit
1403 1235 1684 1300 furorem
1733 1235 1872 1300 sine
1917 1237 2291 1320 accipientis
2340 1259 2545 1302 sensu,
2634 1235 3019 1302 ‘furentem’
3078 1241 3291 1302 autem

741 1347 814 1408 ut
861 1343 1074 1408 furore
1123 1345 1442 1426 teneatur3
1491 1365 1642 1406 nam
1685 1343 1973 1408 nondum
2022 1343 2295 1410 furebat.

921 1449 1066 1516 352.
1143 1467 1406 1514 TAENIA
1449 1467 1708 1514 VITTAE
1757 1449 1975 1514 taenia
2024 1455 2125 1516 est
2166 1453 2479 1516 vittarum
2524 1451 2917 1516 extremitas.

919 1559 1066 1624 354.
1141 1577 1286 1626 VDO
1317 1575 1662 1624 SVBLAPSA
1689 1575 1981 1624 VENENO
2020 1557 2373 1642 hypallage
2410 1557 2477 1620 in
2516 1581 2737 1622 sensu:
2776 1581 3091 1622 venenum
3124 1557 3291 1620 enim

741 1665 936 1728 udum
981 1665 1170 1750 dixit,
1217 1665 1392 1750 quod
1435 1667 1536 1728 est
1579 1665 1658 1728 de
1703 1665 1828 1730 udo
1879 1687 2173 1748 corpore3
2232 1687 2507 1748 namque
2552 1667 2923 1748 serpentum
2974 1665 3101 1728 uda
3146 1667 3295 1728 sunt

639 1787 698 1836 10
741 1795 1038 1858 corpora,
1083 1773 1248 1836 adeo
1295 1775 1370 1836 ut
1415 1795 1542 1856 qua
1585 1775 1770 1854 eunt,
1815 1773 1991 1838 viam
2038 1795 2261 1838 umore
2304 1771 2661 1856 designent.

917 1879 1062 1944 357.
1141 1895 1388 1944 som'ro
1417 1897 1708 1944 MATRVM
1737 1899 1828 1942 DE
1859 1895 2053 1944 MORE
2086 1895 2365 1944 LochA
2392 1895 2523 1944 EST
2566 1879 2853 1944 nondum
2902 1879 2983 1942 ad
3028 1877 3291 1960 plenum

739 1987 1020 2068 furebat3
1057 1985 1224 2048 unde
1265 2007 1380 2070 per
1417 1985 1792 2050 muliebrem
1831 1983 2231 2048 iracundiam
2272 1985 2475 2048 mixta
2506 1983 3291 2070 asperitateloquebatur,

737 2115 890 2156 nam
919 2091 1044 2158 1106
1071 2093 1174 2154 est
1201 2091 1510 2156 ‘matrum
1537 2091 1612 2154 de
1645 2091 1862 2154 more’.
1927 2113 2077 2154 nam
2118 2093 2313 2176 paulo
2344 2095 2497 2176 post
2524 2113 2671 2158 vero
2702 2093 2921 2156 furore
2950 2091 3289 2176 quatietur.

737 2183 744 2188 ¹
915 2199 1062 2264 359.
1137 2217 1576 2264 EXVLIBVSNE
1617 2215 1852 2262 DATVR
1889 2199 2157 2280 propter
2192 2199 2659 2262 dissuasionem
2698 2199 2951 2284 signate
2990 2199 3289 2282 loquitur,

637 2325 698 2372 15
739 2307 954 2386 exules
1015 2327 1250 2372 vocans
1307 2329 1418 2370 eos
1473 2305 1580 2390 qui
1639 2305 1900 2388 propria
1952 2325 2159 2388 regna
2210 2305 2607 2388 repetebant.
2786 2323 3125 2370 DVCENDA
3178 2307 3289 2370 ab·

737 2415 1044 2478 ducenda.

915 2523 1062 2586 362.
1107 2539 1392 2586 PRAEDO
1421 2521 1602 2604 quasi
1635 2521 1918 2604 piratam
1945 2517 2107 2584 dicit
2134 2517 2459 2584 hominem
2490 2505 2597 2582 diu
2626 2519 2691 2582 in
2712 2519 2881 2582 mari
2908 2521 3287 2584 morantem.

885 2629 1058 2692 363.
1125 2647 1216 2692 AT
1277 2645 1420 2694 NON
1467 2643 1572 2692 SIC
1619 2641 1967 2690 PHRYGIVS
2024 2625 2265 2710 legitur
2318 2629 2385 2688 et
2438 2623 2557 2688 ‘an
2602 2647 2735 2688 non
2782 2623 2907 2688 sie'
2918 2649 2933 2710 3
3004 2625 3113 2688 sed
3166 2625 3289 2688 hoc

735 2737 1102 2800 absolutum
1161 2739 1278 2802 est.
1369 2735 1426 2800 si
1479 2737 1692 2800 autem
1753 2733 1884 2796 eat'
1937 2733 2203 2820 legeriS‚
2264 2731 2591 2814 inceptiva
2646 2731 2967 2814 particula
3022 2733 3151 2814 est,
3208 2733 3289 2796 ad

627 2859 696 2906 20
735 2845 1038 2906 ornatum
1101 2843 1312 2908 solum
1373 2841 1730 2926 pertinens:
1803 2839 2119 2906 Horatius
2178 2843 2257 2904 at
2310 2861 2349 2904 0
2408 2837 2717 2904 deorum
2782 2839 3145 2922 quicquid
3208 2839 3287 2904 in

733 2951 946 3016 caelo
993 2951 1198 3036 regit
1243 2953 1494 3014 terras
1545 2951 1620 3012 et
1663 2949 2071 3014 humanum
2122 2969 2379 3034 genus,

911 3059 1058 3124 366.
1139 3075 1308 3136 QVID
1377 3073 1922 3122 CONSANGVINEO
2000 3055 2173 3121 filius
2246 3051 2409 3118 enim
2482 3057 2579 3120 est
2646 3053 2971 3138 Veniliae‚
3044 3057 3283 3120 sororis

731 3163 1030 3230 Amatae.

757 3283 760 3286 ’
909 3273 1038 3336 367
1045 3325 1056 3336 .
1131 3289 1194 3336 sl
1243 3287 1472 3336 GENER
1521 3285 1840 3334 EXTERNA
1891 3285 2193 3334 ΡΕΤΙΤνΒ
2240 3285 2333 3332 DE
2386 3283 2621 3332 GENTE
2666 3271 2941 3334 LATINIS
3004 3267 3077 3332 de
3136 3293 3287 3354 qua-

623 3393 694 3444 25
729 3381 920 3444 litate
963 3379 1202 3444 transit
1251 3379 1332 3444 ad
1377 3377 1596 3462 finem3
1661 3399 1812 3442 nam
1857 3375 2153 3442 Turnum
2198 3379 2569 3442 extraneum
2628 3399 2767 3442 esse
2820 3375 3083 3443 definire
3142 3399 3283 3442 con-

729 3485 938 3550 tendit
1001 3507 1116 3570 per
1181 3483 1484 3550 callidam
1553 3483 2209 3568 argumentationem,
2276 3481 2491 3546 dicens
2552 3505 2697 3548 eum
2760 3505 2893 3548 non
2950 3483 3283 3550 subiacere

727 3577 998 3676 imperio
1047 3591 1298 3678 Latini,
1357 3613 1500 3656 eum
1559 3591 1896 3656 oraculum
1941 3590 2019 3655 (16
2062 3589 2315 3654 Latinis
2366 3591 2663 3656 omnibus
2710 3591 2971 3656 caverit.
3052 3595 3283 3674 postea
3358 3669 3363 3674 ,

873 3793 904 3840 7
939 3785 1130 3840 taenia
1171 3829 1182 3840 .
1211 3827 1224 3840 .
1259 3829 1272 3840 .
1311 3783 1658 3858 extremitas]
1697 3801 1868 3840 exsor.
1909 3783 2041 3840 Isid.
2080 3783 2209 3836 XIX
2238 3789 2323 3852 31,
2354 3785 2529 3854 61120
2564 3781 2857 3854 Horatius]
2900 3783 3055 3852 epod.
3100 3789 3149 3852 5,
3180 3789 3205 3836 1

871 3973 900 4020 1
931 3965 1192 4020 concordi
1219 3963 1284 4018 F
1305 3967 1320 4036 [Ι
1347 3963 1656 4034 precipitur
1681 3963 1734 4016 L
1763 3965 1920 4032 (corr.
1941 3963 1981 4032 l)
2014 3965 2031 4034 ΙΙ
2056 3967 2091 4016 4
2118 3981 2359 4016 Anmcrv
2388 3963 2523 4018 ΑΗ
2528 3963 2603 4016 Μ
2626 3963 2647 4032 ΙΙ
2672 3963 2791 4016 sine
2818 3979 2987 4016 sensu
3016 3977 3115 4016 om.
3136 3961 3281 4028 LH,

723 4039 954 4104 fortasse
981 4041 1132 4092 recte.
1173 4037 1322 4104 (add.
1353 4035 1394 4104 Ζ)
1421 4037 1440 4104 ss
1467 4041 1500 4090 5
1539 4053 1762 4090 sensum
1791 4035 1852 4088 F
1875 4036 1896 4104 ΙΙ
1921 4035 2107 4088 autem
2152 4051 2247 4090 om.
2280 4035 2333 4086 R
2360 4035 2381 4104 ΙΙ
2410 4041 2437 4088 6
2478 4051 2609 4088 nam
2648 4051 2747 4090 om.
2778 4033 2951 4088 ASR.
2992 4035 3139 4102 (add.
3178 4035 3235 4098 a)
3266 4033 3279 4098 11

723 4109 950 4164 furabat
983 4109 1042 4164 R
1067 4111 1086 4176 ΙΙ
1131 4115 1162 4164 ’7
1201 4125 1360 4162 mum
1389 4107 1530 4162 LM
1577 4125 1750 4162 'mum
1787 4107 1840 4162 R
1869 4108 1890 4177 ΙΙ
1913 4107 2071 4160 tenia
2104 4107 2299 4160 RLH
2306 4107 2379 4160 M
2404 4108 2421 4176 ΙΙ
2446 4105 2775 4160 extremitas
2810 4105 3079 4160 uittarum
3118 4103 3229 4158 AS
3264 4105 3281 4174 Ι]

725 4187 758 4236 8
795 4179 1140 4248 hypallagen
1177 4197 1340 4234 sensu
1369 4177 1426 4230 R
1475 4177 1718 4248 ypalage
1759 4193 1950 4232 sensus
1982 4177 2047 4230 F
2066 4179 2085 4248 ΙΙ
2114 4195 2391 4232 venenum
2422 4219 2431 4230 .
2464 4221 2477 4234 .
2512 4217 2523 4230 .
2558 4177 2725 4248 dixit]
2764 4191 2981 4232 ueneno
3020 4175 3133 4230 udo
3158 4177 3289 4230 ΕΗ

723 4251 740 4320 ΙΙ
781 4257 846 4302 10
883 4267 994 4318 qua
1033 4253 1168 4304 eunt
1201 4251 1272 4302 H
1277 4251 1350 4304 M
1359 4287 1374 4320 2
1415 4265 1632 4318 quaque
1671 4251 1806 4302 eunt
1839 4247 1981 4302 Ast
2040 4251 2251 4316 queunt
2288 4247 2417 4302 RF
2464 4265 2579 4318 quo.
2616 4251 2751 4302 eunt
2788 4247 2839 4302 L
2878 4250 2899 4320 ΙΙ
2936 4263 3185 4302 umorem
3222 4249 3289 4302 H

2230 4349 2263 4376 'V

721 4393 1014 4448 humorem
1051 4391 1110 4446 F
1161 4395 1182 4460 ΙΙ
1237 4397 1302 4446 11
1341 4393 1586 4446 nondum
1627 4435 1638 4446 .
1669 4433 1682 4446 .
1717 4433 1728 4446 .
1773 4389 1840 4446 de
1879 4391 2057 4462 more]
2104 4391 2445 4446 iracondiam
2494 4407 2629 4446 nam
2664 4391 2773 4446 hoe
2808 4391 2897 4444 est
2930 4391 3175 4446 matrum
3214 4393 3285 4446 de

723 4479 878 4518 more
915 4463 1094 4518 mixta
1131 4463 1436 4532 asperitate
1469 4463 1804 4532 loquebatur
1831 4461 1963 4516 ΒΗ
2014 4479 2149 4518 nam
2184 4461 2291 4516 hoc
2326 4465 2417 4518 est
2450 4463 2521 4516 de
2556 4463 2803 4518 matrum
2836 4479 2995 4518 more
3030 4463 3285 4518 nondum

723 4537 798 4590 ad
837 4535 1062 4604 plenum
1093 4577 1104 4590 .
1131 4579 1142 4590 .
1167 4577 1178 4590 .
1209 4535 1546 4602 loquebatur
1573 4533 1650 4586 M
1673 4534 1692 4603 ΙΙ
1719 4539 1788 4586 12
1823 4533 2049 4590 furabat
2084 4535 2143 4590 R
2170 4535 2187 4604 ΙΙ
2212 4533 2507 4588 mulierem
2532 4533 2587 4586 R
2616 4535 2637 4604 ΙΙ
2662 4533 2897 4588 mixtam
2932 4533 2977 4588 S
3004 4537 3023 4606 ΙΙ
3050 4541 3117 4590 13
3156 4551 3287 4588 nam

723 4623 824 4662 om.
863 4605 974 4662 AS
1017 4610 1038 4680 ΙΙ
1079 4607 1252 4676 paulo
1289 4607 1422 4674 post
1455 4605 1698 4660 enim-R
1743 4607 1762 4676 ΙΙ
1805 4621 1938 4662 vero
1974 4623 2077 4662 om.
2116 4607 2179 4660 F
2212 4607 2231 4674 ΙΙ
2282 4611 2345 4658 14
2386 4605 2761 4660 dissuasiones
2796 4605 2851 4660 R
2898 4607 2915 4678 ΙΙ
2960 4607 3127 4674 signa
3160 4605 3229 4660 H
3282 4605 3289 4676 J

663 4715 666 4720 -
729 4683 794 4732 15
833 4679 1052 4734 exsules
1089 4677 1222 4732 LH
1273 4677 1462 4732 exulos
1499 4677 1562 4728 F
1583 4677 1602 4747 ΙΙ
1629 4693 1804 4746 regna
1839 4693 1940 4732 om.
1968 4677 2025 4730 L
2062 4677 2207 4746 (add.
2252 4679 2289 4746 l)
2318 4677 2335 4746 ΙΙ
2368 4683 2433 4732 17
2470 4675 2589 4732 diui
2628 4695 2783 4732 mare
2818 4681 3135 4732 morantem
3174 4677 3237 4732 F
3282 4678 3287 4747 J

645 4815 650 4820 β
727 4755 794 4802 18
831 4767 902 4802 AD
941 4749 1008 4802 H
1039 4752 1058 4820 ΙΙ
1095 4749 1194 4818 sie]
1233 4747 1450 4818 frygius
1487 4749 1612 4802 add.
1647 4747 1706 4800 F
1737 4749 1756 4818 ΙΙ
1801 4747 1894 4802 hie
1931 4749 1983 4800 L
2022 4749 2153 4816 (hoe
2188 4749 2227 4818 Z)
2266 4749 2285 4818 ΙΙ
2332 4755 2397 4802 19
2434 4749 2509 4802 ad
2544 4749 2671 4802 AF
2702 4751 2719 4820 ΙΙ
2768 4747 3055 4816 inceptiua
3092 4749 3157 4800 F
3202 4749 3285 4802 in-

723 4821 984 4888 coeptiua
1019 4821 1102 4874 R:
1143 4819 1464 4890 copulatiua
1501 4819 1714 4888 reliqui.
1773 4819 1840 4884 cf.
1881 4819 2029 4874 Serv.
2068 4821 2143 4874 ad
2180 4821 2317 4872 Aen.
2354 4821 2407 4872 X
2442 4827 2545 4872 411
2582 4821 2601 4890 ΙΙ
2650 4827 2715 4874 20
2758 4819 2827 4872 acl
2866 4817 2929 4872 F
2950 4820 2971 4890 ΙΙ
3014 4819 3285 4888 quidquid

723 4891 788 4944 F
809 4893 828 4962 ΙΙ
855 4895 924 4944 22
951 4891 1104 4962 va]
1135 4913 1200 4944 m·
1231 4893 1334 4962 Ffl
1359 4887 1616 4945 uenialae
1647 4889 1700 4944 A
1739 4891 1896 4956 (corr.
1927 4907 2073 4946 maa.
2102 4893 2227 4962 rec.)
2258 4891 2277 4960 ΙΙ
2304 4895 2371 4944 23
2412 4893 2633 4946 amatae
2662 4889 2867 4944 sororis
2896 4891 2947 4944 L
2972 4893 2993 4962 ΙΙ
3022 4895 3087 4944 25
3128 4891 3283 4962 nam]

723 4979 854 5018 nam
891 4959 1016 5016 uult
1053 4963 1184 5016 LH
1203 4964 1220 5032 Ι]
1249 4961 1542 5018 contendit
1575 4977 1676 5016 om.
1703 4959 1830 5016 LH
1849 4963 1870 5030 ΙΙ
1899 4969 1963 5016 26
2006 4963 2293 5034 callidam]
2330 4961 2637 5016 factionem
2666 4961 2741 5016 M
2760 4964 2779 5032 ΙΙ
2806 4961 2997 5016 dicens
3036 5007 3047 5018 .
3078 5007 3091 5018 .
3126 5007 3139 5016 .
3178 4965 3283 5018 La-

723 5033 854 5104 tini]
897 5031 1028 5100 quia
1061 5033 1302 5104 imperio
1337 5035 1504 5090 latini
1541 5051 1652 5088 non
1689 5031 1973 5108 subiaceat
2002 5035 2155 5100 LH,
2190 5035 2305 5088 nisi
2338 5035 2485 5102 quod
2524 5033 2779 5118 subiacet
2812 5035 2879 5088 H
2902 5035 2921 5104 n
2962 5041 3031 5090 27
3068 5035 3285 5090 canerit

725 5105 876 5164 LH:
907 5107 1142 5178 ‚caueret
1179 5105 1370 5160 ΑΒΜ
1423 5105 1692 5160 cauerunt
1723 5103 1782 5158 R
1835 5107 2065 5160 cauerat
2100 5105 2167 5158 F
2198 5135 2205 5142 -
2680 5139 2685 5196 Ι

2674 5197 2681 5232 ι’

2658 5233 2675 5288 'j
