3900 5784
1345 611 1570 670 COMM.
1605 613 1688 668 IN
1723 613 1942 668 VERG.
1978 609 2149 666 AEN.
2174 613 2263 674 ⁵VI
2302 621 2597 668 451—477.
2814 603 2843 624 ‘²
3168 611 3245 674 71

697 773 992 840 omnibus
1059 777 1616 862 coniugationibus
1685 777 2073 864 imperativo
2138 777 2349 842 ‘bam'
2416 777 2739 844 addebant
2800 781 2863 842 et
2926 775 3251 842 faciebant

693 881 1116 964 inperfectum
1189 883 1266 948 ab
1331 885 1708 950 indicativo:
1787 873 1957 972 quoii
2024 887 2087 950 in
2152 887 2359 952 tribus
2428 885 2635 952 adhuc
2700 887 3103 970 observatur,
3178 885 3247 948 in

693 995 924 1074 quarta
969 991 1170 1054 etiam
1213 989 1298 1052 ‘e'
1345 991 1624 1074 additur,
1677 995 1746 1056 ut
1795 993 1993 1076 nutri,
2042 995 2389 1058 nutriebat.
2560 1011 3051 1072 LAORIMASQVE
3100 1011 3245 1058 ΟΙΕ-

689 1113 826 1158 ΒΑΤ
881 1095 1040 1180 sibi,
1091 1115 1218 1158 novi
1263 1095 1536 1162 Didoni:
1579 1099 1674 1162 vel
1703 1099 2155 1180 profundebat:
2208 1103 2323 1164 aut
2368 1105 2541 1164 certe
2584 1101 2745 1164 illud
2794 1101 2975 1186 dicit,
3034 1123 3241 1166 sermo

693 1203 948 1284 quidem
977 1203 1112 1266 eius
1155 1203 1452 1268 lacrimas
1491 1205 1796 1290 exigebat
1825 1243 1898 1248 —
1937 1225 2087 1268 nam
2128 1205 2337 1268 ‘ciere’
2380 1209 2477 1270 est
2508 1207 2767 1290 proprie
2806 1209 2989 1272 alteri
3022 1209 3241 1272 fletum
3274 1219 3303 1268 5

689 1329 948 1374 movere
991 1347 1058 1356 —
1095 1311 1204 1374 sed
1243 1311 1358 1374 illa
1397 1311 1724 1378 inmobilis
1777 1311 2035 1374 mansit.
2094 1315 2381 1376 tractum
2428 1317 2647 1376 autem
2692 1319 2791 1378 est
2832 1315 2957 1378 hoc
2998 1317 3071 1380 de
3112 1315 3242 1380 Ho-

687 1437 860 1480 mero
871 1467 888 1500 ,
941 1419 1050 1500 qui
1091 1417 1338 1484 inducit
1387 1419 1604 1482 Aiacis
1655 1419 1948 1482 umbram
1988 1417 2197 1482 Vlixis
2248 1417 2587 1500 conloquia
2638 1419 3025 1502 fugientem,
3070 1423 3239 1504 quod

687 1523 742 1586 61
793 1523 1002 1588 fuerat
1049 1545 1242 1590 causa
1289 1525 1536 1590 mortis,

861 1631 1010 1698 470.
1083 1647 1382 1698 INCEPTO
1433 1647 1762 1696 SERMONE
1811 1651 1848 1692 a
1897 1629 2213 1714 principio
2266 1629 2595 1696 orationis

807 1737 1006 1810 0471.
1083 1755 1274 1828 DVRA
1319 1755 1524 1802 SILEX
1579 1737 1716 1800 saxi
1767 1741 1864 1800 est
1915 1737 2183 1818 species:
2248 1737 2643 1822 generalitas
2698 1737 2869 1800 enim
2918 1761 3055 1804 esse
3106 1765 3237 1806 non
3280 1755 3341 1800 10

681 1849 900 1928 potest
945 1849 1250 1930 sequente
1301 1843 1716 1928 specialitate.
1811 1865 1963 1906 nam
2030 1847 2283 1908 cautem
2326 1843 2735 1928 Marpesiam
2770 1843 3031 1910 Parium
3074 1849 3235 1932 lapi-

681 1953 824 2016 dem
873 1951 1056 2036 dicit3
1101 1951 1470 2034 Marpessos
1523 1949 1690 2012 enim
1737 1947 1922 2012 mons
1970 1947 2119 2012 Pari
2170 1953 2273 2012 est
2314 1949 2575 2016 insulae.

855 2059 1004 2124 472.
1081 2075 1368 2122 TANDEM
1419 2055 1600 2140 quasi
1651 2055 1758 2120 diu
1803 2055 2303 2120 deliberaverit(

851 2165 1002 2228 473.
1077 2181 1538 2228 vMBRmERVM
1565 2161 1918 2226 ‘umbrosum
1943 2161 2341 2226 frondosum.
2432 2181 2797 2232 PRISTINVS
2824 2167 3025 2252 prior.
3060 2171 3235 2252 quod

677 2265 938 2336 difficile
979 2271 1328 2354 invenitur3
1379 2293 1528 2334 nam
1575 2271 1654 2334 dc
1695 2271 1818 2334 1106
1869 2291 2161 2334 sermone
2206 2271 2459 2354 quaerit
2508 2273 2571 2334 et
2620 2271 2875 2338 Probus
2922 2281 2989 2340 et
3036 2277 3165 2340 alii.
3272 2287 3333 2334 15

851 2379 1002 2442 474.
1071 2397 1490 2444 RESPONDET
1533 2393 1728 2442 CVRIS
1781 2381 1894 2442 aut
1927 2377 2071 2460 pari
2110 2399 2257 2442 eam
2294 2377 2511 2464 diligit
2556 2379 2935 2464 adfectione,
2986 2379 3081 2466 (id
3118 2381 3229 2468 est)

679 2493 924 2550 tantum
973 2493 1152 2550 mna&
1199 2491 1504 2568 quantum
1557 2487 1804 2550 amomis
1859 2487 1944 2550 661
1998 2523 2067 2530 -
2124 2485 2293 2568 quod
2340 2485 2407 2548 in
2454 2483 2677 2550 Aenea
2730 2511 2863 2552 non
2914 2487 3067 2572 fuit,
3126 2493 3235 2572 qui

667 2595 816 2676 plus
855 2599 1104 2658 amatus
1153 2597 1236 2658 est
1283 2597 1338 2658 et
1371 2595 1680 2656 amaatem
1715 2591 1979 2654 deseruit
2020 2627 2091 2634 m
2152 2595 2221 2654 ut
2272 2591 2593 2676 expressio
2644 2593 2735 2656 rei
2782 2615 2977 2678 supra
3022 2595 3231 2660 dictae

677 2701 762 2766 sit
819 2699 1206 2784 ‘aequatque
1259 2699 1584 2784 Sychaeus
1637 2697 1985 2762 amorem':
2050 2701 2161 2760 aut
2208 2701 2381 2762 certe
2428 2697 2807 2782 ‘respondet
2856 2703 3053 2766 curis'
3112 2727 3231 2786 par

675 2811 776 2872 cst
819 2807 1052 2872 mortis
1097 2807 1550 2886 similitudine3
1593 2805 1766 2868 ferro
1813 2805 1987 2868 enim
2038 2807 2303 2888 uterque
2354 2809 2773 2890 consumptus
2818 2811 2933 2872 est.
3268 2823 3333 2868 20

849 2915 998 2978 476.
1071 2931 1560 2992 PROSEQVITVR
1633 2927 1957 2976 LACRIMIS
2034 2927 2275 2976 LONGE
2350 2913 2549 2976 oculis
2628 2933 2769 2976 eam
2842 2915 3231 2998 sequebatur

673 3021 1058 3086 umentibus,

845 3129 996 3194 477.
1069 3145 1316 3198 DATVM
1361 3145 1676 3192 MOLITVR
1723 3141 1890 3188 ITER
1933 3125 2205 3210 peragit.
2300 3123 2589 3190 ‘datum'
2640 3129 2857 3192 autem
2902 3127 3065 3192 dixit
3116 3135 3229 3194 aut

673 3237 924 3300 ratione
959 3237 1080 3300 fati
1119 3255 1492 3318 concessum,
1541 3239 1654 3298 aut
1699 3233 1995 3298 oblatum
2040 3231 2311 3298 fortuito
2320 3285 2337 3316 ,
2388 3233 2557 3316 quod
2596 3231 2797 3318 τυχὸν
2840 3235 3073 3300 dicunt.
3136 3259 3229 3300 aii

1949 3403 1955 3406 “
2716 3403 2771 3432 Ῐᾶ

815 3453 840 3500 1
883 3447 1218 3516 imperativo
1261 3463 1360 3500 om.
1383 3445 1434 3498 A
1461 3447 1484 3514 ΙΙ
1509 3443 1838 3512 imperativo
1881 3441 2035 3514 bam]
2070 3441 2451 3512 inperatiuum
2484 3441 2543 3498 F
2588 3445 2923 3512 impetiuum
2954 3445 3003 3500 Ο
3022 3447 3039 3516 ΙΙ
3066 3449 3223 3516 bam]

671 3523 866 3574 bamus
905 3519 958 3572 R
999 3523 1028 3590 [1⁴
1053 3525 1080 3572 3
1125 3519 1276 3570 nutri
1311 3533 1410 3570 om.
1449 3513 1634 3570 FOG
1659 3517 1676 3582 ΙΙ
1713 3515 2035 3570 nutriebant
2068 3515 2199 3570 RH
2224 3518 2245 3587 ΙΙ
2280 3523 2311 3568 4
2352 3515 2459 3570 sibi
2500 3513 2715 3570 seilicet
2756 3517 2823 3568 M
2852 3517 2871 3584 ΙΙ
2906 3517 3115 3572 didone
3152 3517 3227 3582 F,

671 3609 808 3646 corr.
845 3591 1056 3646 Daniel
1099 3589 1122 3658 ΙΙ
1173 3595 1202 3642 5
1247 3587 1530 3658 exigebat]
1577 3585 1834 3640 exciebat
1871 3589 2033 3656 vulyo
2074 3589 2095 3656 ΙΙ
2152 3603 2281 3640 nam
2316 3589 2463 3642 ciere
2504 3629 2515 3642 .
2546 3627 2557 3640 .
2592 3629 2605 3640 .
2644 3605 2869 3642 movere
2904 3589 3013 3644 huc
3046 3595 3223 3644 timis-

663 3663 852 3732 posui,
901 3669 1032 3732 post
1085 3679 1256 3714 causa
1309 3659 1506 3714 mortis
1557 3657 1758 3712 habent
1799 3657 1932 3712 libri
1970 3663 2191 3726 praeter
2230 3657 2283 3710 R
2332 3659 2421 3726 (cf.
2464 3659 2537 3714 ad
2584 3659 2679 3714 lin.
2724 3661 2803 3726 8),
2848 3665 2975 3726 post
3018 3661 3227 3716 mansit

669 3735 946 3788 collocavit
989 3733 1298 3786 Masvicius
1323 3735 1342 3802 ΙΙ
1381 3729 1532 3798 nam]
1569 3747 1702 3782 nam
1743 3733 1800 3782 et
1839 3729 1912 3780 M
1933 3731 1955 3796 ss
1984 3729 2153 3798 ciere]
2192 3747 2321 3784 uere
2362 3729 2419 3782 F
2442 3732 2461 3800 ΙΙ
2500 3729 2725 3798 proprie
2764 3731 3019 3784 lacrimas
3056 3733 3225 3786 alteri

667 3807 858 3860 fletum
899 3805 1144 3872 (flectam
1171 3803 1254 3872 F)
1303 3817 1530 3856 mouere
1565 3801 1810 3868 (monere
1839 3801 1920 3866 F)
1947 3799 2063 3852 FO
2094 3801 2117 3868 ΙΙ
2158 3807 2185 3852 6
2230 3801 2311 3854 est
2350 3803 2535 3854 autem
2564 3801 2623 3852 R
2648 3803 2667 3868 ΙΙ
2704 3803 2891 3854 autem
2928 3819 3029 3856 om.
3058 3801 3169 3856 AS
3204 3803 3223 3874 ξΙ

669 3885 696 3930 7
735 3877 980 3930 suentem
1023 3873 1082 3928 F
1131 3877 1152 3942 ΙΙ
1203 3873 1380 3942 quod]
1431 3871 1530 3938 qui
1565 3873 1620 3922 A
1673 3871 1692 3936 ΙΙ
1749 3875 1780 3922 8
1817 3871 2039 3940 mortis]
2086 3871 2221 3936 quia.
2266 3871 2541 3938 persuasit
2580 3873 2643 3924 ut
2680 3873 3007 3924 casandrarn
3044 3873 3221 3926 filiam

665 3945 868 4014 priami
897 3945 1266 3998 sacerdotem
1299 3945 1584 3996 mineruae
1627 3941 1692 3992 de
1731 3941 1944 4008 templo
1996 3939 2149 3994 illius
2192 3943 2413 4008 raperet
2460 3945 2519 3996 et
2560 3957 2685 3994 cum
2740 3957 2801 3994 ea
2842 3939 3033 3996 coiret.
3112 3963 3221 4010 quo

663 4017 814 4070 facto
843 4017 1022 4070 furuit
1057 4017 1122 4068 ut
1155 4015 1214 4068 in
1245 4013 1422 4084 primo
1451 4013 1552 4066 est.
1611 4011 1756 4070 Nam
1787 4011 1930 4064 ciere
1960 4013 2047 4064 est
2072 4011 2297 4080 proprie
2328 4011 2497 4066 alteri
2524 4011 2711 4064 fletum
2750 4029 2969 4066 mouere
2998 4015 3123 4068 add.
3148 4013 3223 4080 R,

665 4107 828 4156 quem
869 4087 1094 4156 Vlysses
1133 4085 1216 4140 his
1257 4085 1436 4140 verbis
1485 4083 1688 4138 inuitat
1729 4083 1852 4152 (od.
1893 4081 1969 4134 XI
2008 4083 2135 4150 553)
2180 4079 2349 4146 Αἶαν,
2398 4089 2513 4136 παῖ
2544 4083 2877 4152 Τελαμῶνος
2912 4077 3223 4154 ἀμύμονος,

665 4155 770 4214 οὐκ
807 4155 906 4228 ἄρ’
949 4157 1170 4230 ἔμελλες
1217 4151 1356 4212 οὐδὲ
1403 4149 1602 4210 θανών
1651 4151 1922 4224 λήσεσθαι
1974 4149 2101 4224 ἐμοὶ
2146 4149 2311 4222 χόλου
2364 4153 2555 4208 εἵνεκα
2612 4151 2857 4224 τευχέων
2896 4151 3221 4224 οὐλομένων

1555 4231 1632 4268 tas

667 4287 792 4340 add.
831 4283 1134 4338 Fabricius
1161 4285 1176 4354 ΙΙ
1207 4289 1276 4338 10
1311 4281 1560 4352 generali
1601 4283 1684 4336 est
1723 4279 1872 4334 enim
1911 4277 1957 4332 Ο
1980 4281 1999 4350 ΙΙ
2030 4285 2093 4332 11
2134 4281 2359 4348 poterat
2398 4277 2443 4332 Ο
2468 4281 2487 4348 ΙΙ
2514 4277 2887 4350 specialitate]
2926 4281 3039 4334 stet
3076 4281 3219 4334 Mar-

665 4357 822 4426 pesia
863 4357 1052 4410 cautes
1091 4355 1220 4410 add.
1263 4355 1572 4410 Masvicius
1611 4355 1628 4424 ΙΙ
1673 4355 1866 4406 autem
1901 4349 2177 4422 arpesiam
2218 4349 2335 4404 FG
2374 4353 2393 4422 ΙΙ
2430 4347 2683 4422 Parium]
2724 4367 2959 4422 paruum
3000 4353 3055 4406 R
3092 4355 3111 4422 ΙΙ
3140 4357 3219 4412 ,12

663 4443 980 4494 marpessas
1011 4425 1170 4480 FOa
1217 4443 1500 4494 marpesos
1527 4425 1658 4478 SM
1707 4441 1995 4492 marpcsus
2024 4441 2051 4476 1·
2080 4425 2101 4492 ΙΙ
2126 4439 2281 4476 1110116
2318 4425 2379 4476 et
2414 4439 2541 4492 pars
2584 4425 2667 4476 661,
2704 4423 2919 4480 insulae
2954 4425 3091 4480 RH
3100 4425 3169 4478 M
3202 4425 3221 4496 {J

671 4505 736 4554 13
777 4499 1014 4568 TANDEM]
1051 4515 1154 4566 pro
1191 4499 1472 4566 postremo
1515 4497 1640 4550 add.
1671 4495 1720 4548 G
1749 4497 1768 4566 ΙΙ
1793 4493 1890 4548 diu
1925 4511 2025 4550 om.
2050 4495 2101 4548 Ο
2122 4497 2141 4566 ΙΙ
2170 4501 2237 4548 14
2276 4495 2597 4548 umbrosum
2632 4497 2755 4550 hab.
2782 4493 2871 4564 031
2896 4495 3221 4552 frondosum

665 4587 766 4626 om.
807 4569 856 4624 Ο
887 4571 906 4638 ΙΙ
951 4575 1020 4622 15
1055 4587 1184 4622 nam
1223 4571 1292 4622 (16
1329 4569 1434 4624 hoc
1475 4569 1542 4622 de
1583 4583 1836 4620 sermone
1879 4565 1932 4618 F
1966 4569 1987 4638 ΙΙ
2032 4567 2275 4638 quaerit]
2312 4571 2353 4636 (ἶ
2388 4565 2449 4620 F
2482 4569 2501 4636 ΙΙ
2546 4571 2615 4620 16
2650 4585 2937 4620 RESPONDIT
2982 4567 3027 4620 Ο
3058 4569 3079 4638 ΙΙ
3124 4575 3223 4622 aut

661 4641 810 4710 pari]
851 4641 1048 4710 appari
1085 4641 1202 4698 FG,
1243 4643 1260 4712 Η
1303 4645 1404 4694 aut
1435 4681 1454 4692 ..
1491 4685 1502 4696 .
1533 4681 1542 4690 .
1587 4635 1794 4706 diligit]
1837 4637 1959 4704 pari
2002 4655 2127 4692 eum
2164 4637 2403 4706 diligens
2442 4639 2491 4692 O
2518 4640 2539 4705 ΙΙ
2582 4635 2769 4706 diligit
2804 4637 3023 4692 tantum
3066 4643 3223 4694 amat

665 4712 932 4782 quantum
975 4713 1190 4766 amatus
1233 4713 1316 4766 661,
1357 4709 1650 4766 affectione
1677 4707 1740 4760 F
1749 4707 1794 4760 G
1823 4708 1842 4777 ΙΙ
1875 4713 1934 4762 17
1978 4709 2073 4778 qui
2112 4709 2239 4778 plus
2270 4753 2313 4764 ..
2342 4753 2353 4764 .
2384 4707 2633 4764 deseruit
2666 4707 2839 4764 edidit
2866 4709 3175 4780 Stephanus

669 4791 732 4836 18
781 4785 868 4854 ut]
909 4785 966 4838 et
1007 4783 1054 4836 O
1103 4787 1124 4852 ΙΙ
1177 4787 1242 4838 ut
1287 4783 1360 4838 sit
1399 4781 1674 4852 expressio
1713 4779 1794 4832 rei
1835 4779 2155 4848 supradicta
2192 4781 2265 4836 sit
2298 4781 2373 4852 (si
2410 4779 2483 4848 G)
2522 4777 2643 4830 FG
2698 4781 2719 4848 ΙΙ
2770 4797 2937 4850 supra
2978 4783 3127 4838 dicta
3162 4781 3221 4834 A

663 4871 830 4926 supra
867 4855 1038 4908 tietae
1079 4855 1130 4908 Ο
1167 4856 1182 4926 ΙΙ
1247 4861 1304 4908 19
1347 4853 1582 4926 sycheus
1625 4847 1800 4904 AGO
1851 4851 2065 4906 sicheus
2108 4851 2321 4906 BHM
2362 4853 2381 4920 ΙΙ
2424 4851 2635 4904 amorei
2670 4851 2737 4902 F
2790 4855 3071 4908 arnol-eius
3114 4851 3163 4906 G
3202 4855 3223 4924 Η

663 4931 732 4980 20
771 4929 1100 4996 consumpta
1137 4927 1260 4980 FG
1295 4929 1314 4994 ῙΙ
1365 4933 1428 4980 21
1469 4941 1762 4980 LACRIMANS
1797 4921 1864 4974 F
1897 4923 1914 4990 {l
1962 4923 2171 4978 occulis
2214 4923 2261 4976 0
2292 4925 2311 4992 Η
2362 4927 2423 4976 22
2468 4923 2821 4976 humentibus
2860 4925 3163 4992 ASRI-lm
3202 4927 3221 4994 {j

665 5001 736 5050 24
773 4995 910 5120 fassti
945 4999 992 5052 S
1017 5001 1034 5068 fl
1067 4997 1306 5122 {obtuitu
1349 4999 1422 5052 M
1443 4999 1464 5068 ΙΙ
1503 4995 1670 5064 quod]
1713 4993 1866 5062 quod
1901 4997 1969 5062 g—l·
2008 4995 2063 5060 (i.
2108 5013 2143 5050 e.
2182 4995 2391 5064 yraece)
2434 4993 2509 5046 M
2534 4995 2555 5060 ΙΙ
2596 5013 2765 5058 trxon
2804 4995 3061 5050 ASRH
3106 4995 3215 5048 thi-

663 5085 770 5134 χο11
923 5085 1080 5124 uxon
1181 5071 1258 5122 M
