3900 5784
1279 703 1284 710 Ι
1315 617 1542 678 ΟΟΜΜ.
1575 619 1660 676 IN
1695 617 1912 676 VERG.
1949 621 2119 678 AEN.
2158 621 2237 678 VI
2274 627 2567 678 303-324.
3134 617 3219 712 55

835 779 980 844 313.
1057 795 1252 844 PRIMI
1309 801 1852 852 TRANSMITTERE
1909 787 2119 872 figura
2174 785 2421 852 Graeca
2478 791 2603 852 est:
2662 789 2737 850 ut
2790 783 2989 870 primi
3040 787 3215 848 tran-

663 887 882 954 sirent.
2820 891 2825 896 ’

813 993 984 1070 315.
1063 1011 1330 1062 TRISTIS
1383 1021 1594 1086 asper,
1643 1001 2137 1086 inmiserabilis,
2178 1023 2431 1068 severus

837 1101 984 1166 317.
1059 1119 1328 1170 AENEAS
1391 1107 1546 1174 ordo
1605 1111 1728 1174 est:
1793 1109 2053 1174 Aeneas
2110 1111 2227 1194 ait,
2286 1109 2411 1194 die,
2468 1133 2509 1174 o
2552 1109 2771 1194 virgo:
2834 1109 3047 1172 cetera
3102 1125 3219 1188 per

661 1209 1080 1294 parenthesin
1127 1209 1300 1276 dieta
1345 1217 1524 1298 sunt,
1565 1215 1638 1278 id
1677 1221 1768 1280 est
1797 1235 1916 1296 per
1954 1217 2449 1296 svaositionem.
3256 1221 3285 1268 5

835 1317 982 1380 319.
1059 1333 1198 1392 Qvo
1245 1335 1658 1384 DISORIMINE
1701 1341 1828 1404 qua
1877 1319 2257 1386 differentia.
2416 1337 2617 1384 mPAs
2662 1337 2803 1382 HAE
2854 1335 3213 1398 LINQVVNT

663 1419 958 1506 repulsae
1007 1411 1280 1508 scilicet,
1329 1449 1462 1490 non
1509 1429 1934 1490 transeuntes

833 1527 980 1594 320.
1057 1545 1250 1594 VADA
1297 1547 1544 1596 LIVIDA
1587 1533 1794 1614 nigra.
1881 1533 1942 1596 et
1992 1529 2307 1596 ‘lividum'
2356 1531 2647 1596 invidum
2688 1551 2821 1598 non
2870 1531 2999 1596 nisi
3042 1529 3213 1614 apud

659 1637 1020 1702 neotericos
1071 1637 1464 1702 invenimus:
1539 1637 1832 1702 Lucanus
1887 1637 1957 1722 <1
2010 1639 2179 1722 288>
2238 1637 2437 1702 livor
2496 1637 2679 1702 edax
2736 1637 2885 1702 tibi
2938 1641 3213 1704 cuneta

661 1747 916 1828 negat,
959 1745 1388 1828 gentesque
1435 1745 1812 1808 subactas.
3254 1753 3317 1800 10
3354 1731 3359 1734 ¹

835 1849 982 1914 321.
1053 1865 1432 1914 LONGAEVA
1479 1867 1834 1916 SAOERDOS
1887 1849 2201 1934 Sibyllam
2252 1849 2491 1932 Apollo
2544 1851 2657 1936 pio
2714 1873 2929 1916 amore
2992 1851 3213 1916 dilexit

661 1959 724 2020 et
773 1953 830 2018 ei
879 1955 1122 2020 obtulit
1167 1957 1470 2040 poscendi
1533 1957 1702 2040 quod
1759 1957 1955 2024 vellet
2012 1959 2371 2022 arbitrium.
2458 1959 2579 2022 illa
2628 1959 2849 2022 hausit
2902 1957 3211 2022 harenam

659 2061 954 2128 manibus
1017 2067 1080 2126 et
1135 2067 1274 2126 tam
1325 2062 1592 2148 longam
1649 2065 1854 2130 vitam
1911 2065 2223 2148 poposcit.
2314 2065 2419 2130 eui
2462 2065 2701 2148 Apollo
2758 2063 3089 2148 respondit
3144 2065 3211 2128 id

657 2191 846 2254 posse
885 2169 1052 2254 fieri,
1101 2169 1162 2232 si
1193 2169 1662 2254 Erythraeam,
1703 2171 1774 2234 in
1813 2193 1940 2256 qua
1978 2171 2345 2250 habitabat,
2396 2171 2675 2236 insulam
2714 2171 3109 2256 relinqueret
3146 2175 3213 2234 et

657 2299 798 2340 eam
833 2297 1188 2358 numquam
1227 2277 1490 2340 videret.
1563 2277 1856 2360 profecta
1903 2277 2101 2362 igitur
2140 2277 2379 2342 Gumas
2422 2277 2639 2340 tenuit
2674 2283 2741 2340 et
2776 2277 2911 2340 11110
2960 2277 3211 2342 defecta
3252 2283 3313 2334 15

657 2385 946 2468 eorporis
993 2383 1236 2448 viribus
1287 2385 1488 2448 vitam
1535 2385 1604 2448 in
1651 2384 1794 2448 sola
1839 2405 1997 2450 voce
2042 2385 2323 2450 retinuit.
2418 2385 2589 2468 quod
2648 2405 2791 2448 eum
2848 2385 3019 2448 eives
3070 2385 3209 2448 eius

657 2489 1144 2576 cognovissent,
1199 2491 1334 2554 sive
1393 2489 1664 2574 invidia,
1719 2493 1852 2556 sive
1901 2491 2317 2556 miseratione
2368 2491 2701 2574 commoti,
2764 2491 2819 2554 ei
2870 2491 3209 2576 epistolam

659 2597 972 2662 miserunt
1019 2601 1194 2660 creta
1241 2599 1510 2682 antiquo
1555 2619 1734 2664 more
1783 2599 2131 2682 signatam:
2182 2621 2311 2682 qua
2356 2597 2521 2682 visa,
2566 2597 2719 2682 quia
2766 2601 2905 2664 erat
2948 2601 3027 2664 de
3070 2601 3207 2664 eius

657 2705 898 2788 insula,
941 2703 1014 2766 in
1047 2705 1326 2768 mortem
1371 2703 1584 2770 soluta
1625 2707 1740 2770 est.
1797 2705 1963 2768 unde
2002 2727 2135 2770 non
2170 2705 2331 2768 nulli
2372 2705 2539 2770 hanc
2572 2725 2713 2770 esse
2754 2703 3001 2790 dieunt,
3046 2727 3207 2790 quae

657 2811 954 2874 Romana
991 2811 1134 2874 fata
1169 2811 1572 2894 conseripsit,
1609 2813 1780 2896 quod
1815 2813 2075 2876 incenso
2110 2811 2435 2896 Apollinis
2476 2811 2719 2896 templo
2758 2799 2905 2878 inde
2930 2811 3209 2878 Romam
3250 2817 3315 2866 20

657 2919 858 2984 adlati
905 2921 1056 2982 sunt
1097 2917 1280 3002 libri,
1323 2917 1492 2982 unde
1539 2919 1696 2982 haec
1743 2919 1971 2982 fuerat.
2866 2977 2871 2980 .

829 3025 976 3090 322.
1053 3041 1252 3090 DEVM
1299 3041 1714 3098 cEnrlssmA
1761 3043 2031 3090 PRoLEs
2078 3047 2157 3090 ex
2202 3047 2279 3090 eo
2326 3027 2503 3110 quod
2544 3027 2763 3090 subire
2804 3025 3047 3090 inferos
3096 3049 3205 3112 po-

653 3133 798 3196 tuit.
891 3131 1036 3196 ideo
1083 3135 1302 3196 autem
1347 3131 1778 3218 ‘certissima',
1821 3133 1977 3218 quia
2024 3133 2239 3198 multi.
2260 3131 2337 3198 ad
2386 3133 2659 3216 gloriam
2708 3135 2961 3218 generis
3010 3135 3203 3198 0111111·-

653 3241 798 3304 lant
849 3261 922 3304 se
963 3239 1306 3306 numinum
1359 3239 1560 3324 filios,
1619 3243 1692 3306 ut
1737 3241 2053 3306 Romulus
2114 3263 2189 3306 ex
2236 3239 2473 3324 Marte,
2520 3237 2887 3304 Alexander
2928 3261 3011 3304 ex
3052 3239 3205 3306 Iove

655 3345 992 3412 Ammone.
1067 3347 1190 3412 hoc
1229 3367 1386 3432 ergo
1425 3347 1718 3414 excludit.
1797 3349 1890 3414 sie
1925 3349 2085 3412 alibi
2134 3349 2207 3412 de
2244 3345 2519 3412 Hercule
2546 3345 2759 3430 <VIII
2782 3345 2957 3430 301>
2998 3349 3205 3412 salve
3244 3353 3309 3402 25

653 3477 828 3518 vera
873 3453 1082 3520 Iovis
1133 3455 1410 3540 proles.
1689 3475 1692 3478 ’

827 3561 974 3626 324.
1043 3579 1136 3624 ET
1167 3579 1488 3626 FALLERE
1521 3579 1770 3626 NVMEN
1803 3567 1884 3628 ut
1919 3583 2113 3646 supra
2152 3561 2371 3646 (134)
2410 3561 2687 3624 diximus
2698 3611 2717 3646 ,
2766 3561 2899 3624 sive
2932 3567 3205 3646 propter

653 3667 978 3734 Victoriae
1025 3669 1344 3752 favorem,
1403 3663 1626 3752 Stygis
1673 3669 1872 3732 filiae:
1925 3691 2079 3732 nam
2130 3669 2363 3732 dicitur
2406 3669 2713 3732 statuisse
2762 3667 3075 3754 Iuppiter,
3132 3671 3205 3732 ut

795 3815 824 3862 8
863 3827 1050 3864 uvius
1083 3807 1250 3878 nigra
1287 3825 1332 3860 e.
1375 3825 1426 3874 q.
1465 3807 1534 3876 0.]
1573 3807 1644 3862 ef.
1679 3807 1838 3862 Luct.
1881 3808 2029 3862 Plae.
2066 3807 2143 3862 ad
2176 3807 2317 3862 Stat.
2362 3807 2533 3862 Theb.
2570 3807 2597 3858 I
2636 3811 2701 3858 57
2750 3809 2769 3876 Ι]
2824 3813 2891 3858 11
2930 3805 3203 3876 Sibyllam

653 3897 682 3934 e
735 3899 792 3948 q.
829 3881 900 3952 0.]
939 3895 1110 3932 exser.
1151 3879 1428 3946 mythogr.
1465 3873 1492 3924 I
1525 3881 1652 3944 1533
1689 3877 1742 3928 II
1773 3885 1836 3932 87
1869 3879 1983 3948 1128
2022 3895 2153 3930 nam
2188 3877 2397 3932 dieitur
2434 3917 2443 3930 .
2482 3919 2493 3930 .
2526 3917 2535 3928 .
2572 3877 2991 3948 prohiberetur]
3030 3893 3199 3930 exscr.

651 3921 928 4020 niythogr.
963 3949 1044 4002 ΙΠ
1079 3955 1134 4016 6,
1169 3955 1200 4000 3

797 4081 824 4130 1
863 4075 1070 4130 scholia
1107 4073 1182 4128 ad
1215 4087 1266 4126 v.
1305 4075 1410 4124 313
1447 4075 1500 4122 et
1537 4077 1642 4126 315
1677 4087 1776 4128 om.
1813 4073 1866 4128 G
1895 4073 2029 4144 111115]
2064 4071 2129 4126 in
2162 4071 2225 4126 F
2248 4075 2267 4144 ΙΙ
2292 4077 2325 4124 4
2366 4087 2565 4126 aeneas
2606 4071 2689 4126 ait
2726 4071 2815 4126 die
2854 4071 2935 4126 ait
2974 4089 3007 4126 ο
3040 4071 3203 4140 uirgo

651 4149 710 4204 F
717 4149 774 4204 G
805 4149 822 4220 11
869 4153 902 4202 5
939 4145 1002 4200 id
1041 4149 1128 4200 est
1161 4161 1264 4212 per
1299 4143 1740 4212 suppositionem
1777 4145 1948 4200 edidit
1988 4143 2297 4212 Stephanus
2332 4144 2353 4214 ΙΙ
2392 4143 2807 4212 ‘suppostionem
2848 4143 2909 4198 F
2956 4141 3203 4212 subposi—

651 4221 862 4277 tionem
903 4219 952 4274 G
977 4221 996 4290 ΙΙ
1041 4225 1072 4274 6
1109 4217 1314 4272 scholia
1351 4215 1428 4268 ad
1459 4229 1512 4270 v.
1551 4221 1656 4270 319
1691 4233 1792 4274 om.
1833 4219 1888 4272 G
1911 4219 1928 4288 ss
1956 4235 2099 4280 Qvon
2140 4215 2197 4270 F
2220 4217 2241 4286 ΙΙ
2282 4221 2311 4268 8
2350 4233 2569 4276 11011101
2608 4215 2661 4270 A
2698 4221 2755 4286 (Q
2788 4217 2891 4272 del.
2928 4215 3201 4286 3011111171-

651 4293 786 4346 dum
819 4307 920 4344 om.
941 4291 994 4344 G
1023 4293 1040 4362 {l
1065 4297 1096 4344 9
1139 4287 1444 4344 neotericos
1483 4287 1536 4344 (τ’
1587 4289 1888 4344 teoterieos
1915 4289 1969 4342 A
2008 4287 2345 4358 (neuterieos
2378 4289 2431 4356 a)
2458 4287 2479 4356 ΙΙ
2510 4293 2573 4340 10
2612 4289 2821 4356 negant
2850 4287 2911 4340 H
2934 4289 2953 4358 [Ι
2984 4289 3203 4358 gentes-

651 4381 760 4434 que
797 4363 1058 4418 subaetas
1095 4377 1194 4414 om.
1235 4359 1288 4412 G
1311 4359 1330 4428 ΙΙ
1359 4357 1646 4430 subactas]
1683 4359 1818 4414 lieet
1857 4359 2077 4414 ouidius
2118 4363 2203 4428 (ex
2248 4359 2423 4412 Ponto
2458 4357 2537 4412 ΙΠ
2572 4365 2625 4426 3,
2664 4359 2789 4428 101)
2832 4357 3019 4426 ‘liuor‚
3054 4359 3201 4412 iners

651 4435 878 4502 uitium,
917 4449 1098 4488 mores
1137 4447 1248 4486 non
1287 4427 1402 4482 exit
1433 4427 1496 4482 in
1533 4431 1698 4486 altos'
1745 4431 1872 4488 add.
1911 4431 1969 4486 D
2008 4435 2027 4504 ΙΙ
2068 4437 2137 4486 12
2174 4429 2387 4500 optulit
2420 4429 2549 4484 RF
2570 4431 2589 4500 ΙΙ
2628 4431 2897 4484 arbitrum
2930 4429 3051 4486 FG
3078 4431 3099 4500 ΙΙ
3138 4435 3203 4482 14

651 4509 966 4574 erythream
1005 4507 1060 4560 A
1125 4503 1476 4572 erythraeam
1517 4501 1560 4556 S
1569 4525 1580 4556 :
1631 4503 1916 4570 erythram
1931 4521 1934 4524 ·
1952 4503 2079 4558 RF
2142 4503 2411 4558 erithram
2446 4503 2503 4556 G
2560 4501 2887 4556 erithiteam
2918 4501 2993 4554 H
3042 4519 3201 4570 aery-

649 4581 828 4632 tream
867 4579 942 4632 M
977 4579 996 4648 ΙΙ
1043 4577 1100 4630 et
1139 4575 1288 4644 eam]
1327 4571 1500 4626 etiam
1537 4575 1606 4626 H
1643 4575 1662 4644 11
1717 4577 1782 4626 15
1819 4575 1969 4644 earn]
2012 4575 2129 4628 eius
2162 4575 2371 4628 terram
2408 4571 2527 4626 FG
2566 4575 2585 4654 [Ι
2644 4577 2707 4626 16
2746 4571 2993 4626 retenuit
3026 4573 3087 4626 F
3098 4571 3149 4626 G

657 4655 718 4704 17
759 4647 1174 4704 inmiseratione
1209 4645 1282 4698 H
1325 4645 1344 4714 ΙΙ
1405 4647 1466 4694 18
1521 4645 1592 4698 ad
1641 4645 1794 4698 oreta
1827 4645 1896 4698 in
1929 4663 2101 4714 marg).
2144 4647 2317 4700 adscr.
2358 4643 2463 4698 mit
2500 4659 2713 4714 gnezze
2752 4643 2833 4696 vel
2870 4641 3073 4712 griette
3114 4663 3149 4698 a·

655 4721 956 4778 eretantieo
997 4719 1056 4774 F
1065 4719 1116 4774 G
1159 4719 1178 4788 ΙΙ
1233 4731 1344 4786 qua
1381 4713 1504 4768 visa
1537 4719 1688 4770 terra
1723 4715 1987 4786 mythoqr.
2026 4719 2069 4770 I
2122 4735 2233 4786 qua
2266 4717 2417 4770 terra
2452 4713 2573 4770 visa
2616 4713 2923 4770 Masvicius
2970 4717 2989 4786 ΙΙ
3040 4713 3197 4784 quia]

653 4813 784 4848 nam
817 4793 938 4848 FG
969 4795 990 4864 ΙΙ
1029 4789 1164 4860 quia
1199 4833 1212 4844 .
1247 4829 1260 4840 .
1293 4829 1302 4842 .
1339 4785 1530 4842 insula
1563 4803 1662 4842 om.
1701 4785 1812 4840 AS
1819 4787 1898 4842 M
1923 4791 2185 4860 mythoyr.
2228 4787 2311 4842 II
2344 4789 2365 4858 ΙΙ
2406 4785 2539 4854 quia
2576 4785 2719 4854 erat]
2764 4787 2913 4840 cerat
2948 4787 3021 4840 H
3070 4787 3197 4854 fort.

653 4867 788 4934 quia
821 4865 978 4920 oreta
1017 4863 1138 4918 erat
1163 4863 1182 4930 Ι]
1225 4865 1290 4914 19
1329 4859 1418 4910 est
1449 4857 1512 4912 in
1547 4859 1786 4914 mortem
1821 4861 2011 4914 soluta
2038 4859 2261 4926 Fam,
2296 4857 2411 4910 nisi
2442 4859 2589 4924 quod
2628 4859 2801 4912 morte
2842 4857 2895 4912 G
2918 4859 2937 4928 ΙΙ
2982 4863 3045 4912 21
3088 4857 3201 4910 sint

651 4937 718 4990 H
739 4939 758 5008 ΙΙ
787 4941 850 4992 22
891 4935 1094 4992 scholia
1131 4931 1206 4986 ad
1239 4947 1290 4986 v.
1329 4933 1432 4980 322
1471 4935 1524 4982 et
1557 4935 1664 4984 324
1699 4945 1800 4982 om,
1827 4929 1884 4982 G
1909 4931 1926 4998 ΙΙ
1954 4935 2027 4984 24
2062 4933 2243 4986 matre
2278 4929 2347 4980 H
2368 4929 2479 4996 1126
2518 4927 2725 4998 proles]
2762 4929 3051 4998 progenies
3092 4929 3153 4980 F
3184 4927 3203 4996 [l

655 5013 720 5062 28
769 5009 1022 5064 fauorem
1065 5001 1336 5058 uictoriae
1377 4999 1430 5052 A
1485 5001 1842 5070 (transposuit
1883 5003 1932 5066 a)
1992 5005 2011 5072 {l
2062 4997 2351 5068 statuisse]
2398 4997 2547 5064 quod
2586 4999 2879 5054 statuisset
2912 5001 2991 5052 M
3030 4997 3199 5064 (quod

651 5079 886 5134 inseruit
917 5095 1064 5132 man.
1099 5075 1224 5142 rec.)
