3900 5784
1321 629 1546 686 COMM.
1583 629 1666 684 IN
1699 627 1920 684 VERG.
1952 625 2123 686 AEN.
2162 627 2291 684 VIII
2324 635 2483 684 2—9.
3038 625 3165 690 201

611 791 918 856 efficiunt.
997 791 1336 856 Sallustius
1381 795 1450 860 in
1495 793 1808 878 Iuyurtha
1851 793 1999 878 <48,
2040 791 2123 876 3>
2172 799 2427 860 vastus
2476 773 2565 858 al)
2608 797 2891 858 amatura
2932 795 3001 854 et
3042 789 3167 854 hu-

607 919 826 962 mano
869 899 1096 982 cultu,
1147 899 1304 962 idem
1345 901 1500 968 alibi
1545 905 1808 986 quippe
1849 905 2065 966 vasta
2100 899 2343 966 Italia
2390 901 2713 984 rapinis,
2760 899 2963 984 faya,
3014 919 3167 964 eae-

607 1007 850 1088 dib-we,
897 1007 1006 1070 hoe
1051 1011 1136 1070 est
1179 1007 1528 1076 hominibus
1571 1011 1822 1074 deserta.

791 1115 846 1178 9.
923 1131 1266 1178 MITTITVR
1303 1133 1390 1178 ET
1429 1133 1654 1180 MAGNI
1683 1133 2005 1182 VENvas
2042 1131 2385 1180 DIOMEms
2414 1133 2511 1180 AD
2540 1113 3167 1178 vnssnnDiomedes

609 1223 646 1260 ‘¹‘
667 1225 966 1286 revertens
1003 1223 1074 1286 de
1103 1221 1348 1286 Troia*
1397 1227 1742 1310 postquam
1789 1223 2075 1306 repperit
2120 1223 2219 1286 ira
2264 1221 2539 1286 Veneris
2588 1241 2629 1282 a
2676 1241 2743 1284 se
2792 1223 3169 1286 vulneratae
3206 1235 3239 1280 5

611 1349 874 1392 uxorem
917 1329 1084 1412 apud
1123 1329 1338 1414 Argos
1377 1351 1516 1396 eum
1543 1329 1870 1412 Cylaraba,
1909 1333 1979 1392 ut
2006 1329 2303 1406 Lucilius,
2338 1327 2433 1390 vel
2472 1325 2745 1410 Cometa,
2788 1331 2861 1390 ut
2892 1329 3171 1412 plerique

611 1437 894 1520 tradunt,
937 1435 1212 1520 turpiter
1251 1437 1492 1520 vivere,
1543 1435 1752 1500 noluit
1789 1433 2027 1498 reverti
2062 1435 2151 1498 ad
2170 1435 2489 1514 patriam:
2536 1433 2655 1518 vel,
2684 1439 2761 1496 ut
2792 1435 3045 1520 dieitur,
3090 1437 3169 1500 ab

609 1543 908 1608 adulteris
951 1545 1390 1626 promrbatus:
1447 1545 1560 1608 sed
1621 1543 1828 1606 tenuit
1885 1545 2105 1624 partes
2164 1539 2467 1624 Apuliae,
2534 1543 2597 1604 et
2654 1539 2935 1604 edomita
2994 1543 3167 1606 omni

607 1651 848 1714 montis
893 1649 1178 1734 Gargani
1205 1649 1630 1738 ⁴«multitudine
1675 1649 1746 1712 in
1785 1649 2009 1712 eodem
2052 1649 2267 1712 tractu
2312 1647 2611 1712 civitates
2660 1645 2973 1730 plurimas
3020 1667 3168 1712 eon-

563 1785 566 1790 ·
609 1757 788 1822 didit.
859 1779 1012 1820 nam
1051 1759 1114 1820 et
1153 1757 1594 1820 Beneventum
1635 1757 1696 1820 et
1731 1753 2273 1839 Equumtuticum
2308 1753 2447 1836 ipse
2488 1751 2795 1838 condidit,
2842 1757 2907 1818 et
2932 1751 3167 1838 ArpOS,
3208 1769 3275 1818 10

611 1885 776 1946 quae
833 1867 900 1928 et
951 1859 1324 1946 Argyrippa
1385 1861 1644 1946 dieitur,
1703 1863 1784 1926 ad
1847 1883 2041 1946 quam
2096 1883 2267 1926 nune
2320 1859 2613 1926 Venulus
2668 1859 2981 1944 mittitur,
3036 1883 3165 1926 non

609 1969 954 2054 Arpinum,
1005 1991 1196 2054 quam
1235 1971 1492 2032 constat
1533 1989 1670 2032 esse
1709 1965 2137 2052 Campa-niae,
2180 1967 2347 2032 unde
2390 1965 2615 2032 Cicero
2644 1963 2945 2076 Arpinas.
3014 1989 3167 2030 sane

611 2075 936 2140 sciendum
995 2075 1304 2162 Apuliam
1363 2099 1490 2140 uno
1549 2075 1786 2140 dietam
1839 2075 2183 2156 vocabulo,
2248 2073 2359 2140 sed
2410 2075 2603 2138 huius
2658 2075 2909 2158 partem
2974 2099 3167 2160 quam

609 2183 954 2248 Diomedes
997 2183 1222 2266 tenuit,
1261 2181 1658 2266 Messapiam
1695 2186 1764 2247 et
1787 2183 2159 2248 Peucetiam
2198 2205 2237 2246 a
2274 2181 2521 2246 duobus
2556 2179 2875 2246 fratribus
2906 2181 3165 2268 dietam,

609 2291 718 2374 qui
779 2290 910 2354 illie
967 2291 1396 2372 imperarunt:
1451 2291 1614 2354 item
1669 2289 1995 2354 Dauniam
2050 2311 2089 2354 a
2136 2289 2365 2354 Dauno
2418 2309 2573 2372 rege
2622 2287 2915 2372 Apuliae.
3008 2289 3167 2354 hune
3210 2303 3273 2348 15

607 2397 964 2462 Diomedem
1013 2397 1266 2478 quidam
1309 2417 1352 2460 a
1399 2395 1632 2462 Dauno
1675 2417 1808 2480 reye
1853 2397 2207 2478 Apulorum
2266 2395 2529 2478 hospitio
2582 2399 2885 2478 receptu-m
2936 2395 3165 2460 dieunt.

607 2525 758 2570 sane
801 2505 1130 2586 artificiose
1173 2507 1262 2568 ad
1291 2503 1654 2570 Diomedem
1687 2505 1957 2568 mittitur
1970 2525 1991 2566 .·
2036 2503 2331 2568 movenda
2378 2507 2465 2566 est
2508 2501 2669 2566 enim
2716 2501 3061 2584 iizdiynatio
3110 2507 3165 2566 et

607 2615 802 2686 metus
865 2609 1182 2696 Diomedi,
1247 2615 1316 2674 ut
1377 2611 1694 2676 subveniat
1753 2611 2007 2676 Latinis
2064 2629 2171 2672 eon
2180 2611 2279 2672 tra
2348 2609 2665 2672 Troianos,
2846 2625 3165 2672 VENVLVS
3226 2601 3237 2606 ⁵

609 2717 784 2784 hune
827 2717 1030 2782 fuisse
1075 2719 1336 2782 constat
1373 2717 1720 2802 Argivum:
1767 2739 1918 2782 nam
1966 2717 2201 2780 Tiburs
2252 2719 2379 2800 est,
2422 2717 2497 2778 ut
2538 2715 2649 2778 ille
2694 2713 2941 2780 indicat
2990 2717 3163 2780 loeus

613 2825 752 2908 <XI
785 2825 950 2906 757>
979 2823 1336 2906 praedam
1369 2825 1768 2888 Tiburtum
1807 2845 1896 2888 ex
1933 2825 2241 2908 agmine
2276 2825 2577 2906 raptam
2616 2825 2883 2906 portat
2910 2843 3165 2888 ovans.
3206 2837 3271 2886 20

611 2931 1012 2996 considerate
1053 2951 1208 3014 ergo
1257 2931 1362 2996 hic
1401 2931 1480 2994 ad
1519 2929 1896 2996 Diomedem
1943 2929 2259 3014 mittitur,
2302 2933 2381 2996 ut
2426 2949 2571 2992 eum
2618 2929 2725 2994 vel
2770 2929 2957 3012 quasi
3006 2931 3161 3014 civis

607 3039 950 3122 adduceret,
997 3039 1086 3102 vel
1133 3039 1312 3104 eitius
1357 3039 1564 3122 possit
1611 3059 1886 3102 movere.
1972 3037 2135 3102 lame
2176 3037 2293 3102 aza·
2342 3037 2573 3100 Lavini
2630 3037 2963 3120 imperasse
3016 3039 3163 3104 olim

613 3147 882 3212 tradunt.

757 3347 786 3394 2
823 3339 976 3394 idem
1015 3337 1172 3408 alibi]
1211 3339 1342 3394 hist.
1381 3341 1404 3392 Ι
1441 3347 1512 3394 36
1549 3339 1812 3408 Dietsch.‚
1853 3341 1878 3392 I
1919 3345 1985 3392 19
2024 3337 2195 3392 Kritz.
2236 3341 2253 3408 ΙΙ
2296 3343 2333 3392 4
2368 3337 2665 3392 Diomedes
2708 3357 2753 3394 e.
2790 3319 2845 3410 qss
2882 3341 2949 3410 s.]
2990 3359 3161 3396 exser.

613 3413 892 3482 mythogr.
929 3411 956 3464 I
1001 3415 1096 3466 141
1143 3411 1162 3490 fl
1207 3417 1240 3464 6
1277 3411 1548 3482 Lucilius]
1591 3429 1656 3466 ex
1693 3413 1816 3466 libr.
1855 3413 2047 3466 ineert.
2090 3407 2263 3466 CXVI
2294 3427 2353 3480 p.
2394 3415 2495 3464 153
2532 3407 2727 3464 Muell.

757 3595 784 3644 5
831 3591 1118 3644 revertens
1161 3589 1234 3644 de
1279 3591 1470 3660 Troia,
1519 3607 1654 3662 quae
1691 3595 1820 3660 post
1867 3591 2195 3646 vulneratae
2242 3591 2365 3644 hab,
2402 3589 2481 3658 F,
2530 3595 2633 3644 aut
2678 3591 2879 3660 spuria
2922 3609 3029 3646 esse
3066 3597 3167 3646 aut

607 3669 730 3732 post
775 3659 1024 3732 repperit
1067 3663 1178 3716 sive
1213 3659 1514 3718 Diomedes
1549 3663 1870 3718 collocanda
1903 3663 2183 3718 ewistimat
2222 3663 2527 3716 Muellerus
2582 3666 2603 3731 ΙΙ
2652 3663 3005 3716 uulneratam
3042 3665 3107 3716 Η
3150 3665 3165 3732 Η

613 3741 642 3788 6
679 3735 932 3804 uxorem]
975 3731 1272 3802 aegialiam
1309 3735 1434 3788 add.
1459 3733 1516 3788 D
1541 3737 1562 3804 ΙΙ
1591 3733 1870 3804 Cylaraba
1901 3735 2105 3802 scripsi
2140 3737 2233 3800 (cf.
2256 3733 2505 3788 Pausan.
2534 3733 2587 3786 II
2618 3737 2669 3802 4,
2690 3735 2767 3802 5)z
2812 3735 3083 3788 oillarabo
3110 3735 3169 3790 F

611 3805 892 3860 Cillabaro
925 3803 1138 3858 Daniel
1171 3805 1192 3872 ΙΙ
1241 3811 1270 3860 7
1307 3805 1382 3858 ab
1417 3821 1516 3860 om.
1557 3807 1612 3860 G
1645 3807 1662 3874 ΙΙ
1709 3811 1742 3880 ξ
1777 3807 1997 3872 partem
2032 3805 2461 3876 mythoyraphus
2496 3807 2513 3876 ΙΙ
2560 3802 2779 3872 epuliae
2818 3805 2889 3858 H
2918 3809 2937 3872 ΙΙ
2984 3809 3161 3860 omnis

611 3877 742 3932 SM
747 3875 806 3930 F
843 3879 1000 3944 (corr.
1027 3875 1076 3942 s)
1107 3877 1128 3944 ΙΙ
1159 3881 1192 3928 9
1233 3875 1480 3944 Gargani
1515 3875 1724 3932 montis
1753 3875 1808 3930 R
1837 3879 1856 3944 ΙΙ
1881 3875 2295 3930 multitudinem
2330 3875 2391 3928 F
2412 3875 2431 3944 ΙΙ
2460 3875 2729 3944 plurimas
2768 3875 3025 3932 ciuitates
3056 3877 3113 3932 R
3146 3877 3165 3948 ΙΙ

613 3955 678 4000 10
715 3963 846 4000 nam
885 3947 942 3998 et
973 3989 986 4000 .
1015 3987 1026 3998 .
1059 3985 1072 3998 .
1117 3943 1370 3998 condidit
1403 3963 1504 4002 om.
1531 3947 1588 4000 L
1625 3947 1772 4016 (add.
1801 3949 1844 4016 Z)
1873 3949 1890 4016 ΙΙ
1915 3947 2219 4002 beuentum
2246 3947 2307 3998 F
2330 3947 2351 4016 ΙΙ
2378 3947 2775 4000 eeumtutieum
2806 3947 2947 4000 SFZ
2982 3941 3165 4016 Argos

607 4015 878 4086 Hippium
913 4015 1354 4086 mythoyraphus.
1393 4017 1466 4082 ef.
1507 4019 1844 4072 Schoemann
1879 4033 2059 4086 opusc.
2100 4019 2177 4070 IlI
2208 4033 2267 4084 p.
2306 4023 2411 4070 415
2450 4019 2635 4072 adnot.
2680 4023 2745 4070 17
2774 4019 2793 4086 ΙΙ
2844 4023 2903 4070 11
2948 4019 3005 4072 et
3038 4025 3165 4074 ante

611 4085 928 4158 Argyrippa
965 4103 1064 4140 om.
1105 4085 1148 4140 S
1171 4086 1190 4155 ΙΙ
1239 4087 1538 4158 argyrippa
1575 4091 1642 4142 H
1647 4091 1724 4142 M
1733 4089 1810 4142 F2
1851 4089 2141 4158 argirippa
2174 4087 2281 4142 SR
2342 4087 2605 4156 argyripa
2640 4087 2697 4140 L
2734 4089 2751 4158 ΙΙ
2790 4105 2903 4142 11011
2940 4105 2977 4142 a
3010 4091 3161 4158 arpi-

609 4177 744 4214 num
779 4159 832 4212 L
887 4175 998 4210 non
1033 4157 1108 4210 ad
1145 4157 1400 4228 arpinum
1429 4161 1450 4214 Ζ
1489 4165 1534 4214 et
1561 4163 1987 4232 mythoyraphus
2012 4162 2029 4232 ΙΙ
2072 4167 2145 4214 12»
2174 4161 2367 4232 quam]
2408 4159 2559 4226 quod
2588 4159 2639 4214 R
2668 4161 2687 4230 ΙΙ
2726 4159 3037 4230 campiniae
3068 4161 3113 4216 S
3146 4163 3163 4230 ,ΙΙ

611 4237 674 4286 13
705 4231 858 4286 dieto
879 4229 938 4284 F
961 4231 982 4300 ΙΙ
1009 4227 1126 4298 sed]
1157 4229 1206 4282 si
1225 4229 1284 4284 F
1307 4231 1328 4302 ΙΙ
1355 4229 1480 4284 uius
1509 4233 1576 4286 H
1597 4234 1618 4304 ΙΙ
1645 4239 1714 4288 14
1741 4231 2051 4302 messapiam
2082 4231 2135 4286 R
2162 4233 2181 4302 ΙΙ
2210 4229 2525 4302 peucetiam
2554 4231 2625 4284 H
2630 4253 2641 4286 z
2680 4247 2891 4300 peauce
2922 4233 3095 4286 etiam
3122 4233 3167 4286 S
3198 4231 3201 4234 ’

607 4301 928 4372 peueeeiam
965 4301 1084 4354 RL
1097 4301 1154 4352 F
1205 4301 1556 4370 peucentiam
1599 4307 1670 4358 M
1715 4307 1732 4376 ss
1777 4307 1840 4376 a]
1875 4303 1948 4358 ad
1986 4305 2035 4358 L
2082 4307 2101 4376 ΙΙ
2148 4309 2215 4358 15
2252 4301 2597 4372 imperarent
2632 4301 2695 4356 F
2726 4307 2745 4372 ΙΙ
2784 4303 3159 4376 imperarunt]

609 4373 706 4428 alii
745 4373 908 4426 aliter
945 4373 1194 4426 sentiunt
1229 4373 1296 4428 de
1335 4375 1616 4444 mesapiae
1651 4375 1894 4432 nomine.
1972 4377 2027 4430 in
2068 4373 2399 4430 anthedonis
2448 4373 2597 4430 enim
2648 4391 2747 4428 ora
2794 4391 2939 4444 quae
2978 4375 3167 4430 boetia

611 4447 742 4514 (leye
781 4443 1070 4512 Boeotiae)
1123 4443 1208 4498 est
1243 4461 1400 4498 mons
1441 4449 1556 4502 stat
1593 4445 1874 4516 mesapius
1911 4449 1985 4502 ab
2020 4447 2161 4502 duee
2200 4463 2425 4514 mesapo
2468 4447 2785 4500 nominatus
2828 4445 2921 4514 qui
2960 4447 3163 4500 aduen-

609 4519 738 4572 tans
775 4515 834 4568 in
871 4513 1158 4584 iapygiam
1197 4517 1268 4570 ab
1307 4531 1366 4570 se
1393 4519 1696 4588 mesapiam
1727 4519 2011 4586 regionem
2042 4517 2357 4588 appellauit
2378 4519 2507 4574 add.
2528 4517 2591 4570 D
2618 4519 2633 4586 Ι]
2660 4517 2801 4572 itam
2832 4517 2875 4572 S
2926 4517 3035 4572 iter
3064 4517 3125 4570 F
3146 4518 3165 4590 Η

611 4589 754 4640 dano
791 4587 926 4640 HF
959 4587 978 4658 ΙΙ
1017 4605 1050 4640 a
1089 4603 1198 4656 quo
1237 4589 1384 4642 hune
1417 4589 1750 4646 Diomedem
1785 4591 1995 4644 Daniel
2028 4593 2047 4660 ΙΙ
2090 4607 2123 4644 a
2158 4589 2357 4644 Dauno
2396 4589 2491 4656 (ad
2526 4589 2697 4644 aunio
2736 4589 2807 4656 G)
2846 4605 2975 4656 rege
3010 4589 3163 4658 Apu-

609 4661 786 4712 lorum
825 4675 936 4712 ‘non
975 4659 1146 4712 edidit
1183 4657 1390 4714 Daniel
1435 4663 1454 4730 ΙΙ
1503 4667 1570 4716 17
1609 4661 1930 4730 artificiose]
1982 4661 2329 4716 considerate
2370 4661 2683 4716 Masvieius
2728 4661 2745 4728 ΙΙ
2794 4663 2859 4712 18
2898 4661 3053 4714 metu
3092 4661 3163 4726 F,
3238 4715 3247 4724 ,

611 4745 748 4786 corr.
785 4729 994 4784 Daniel
1021 4731 1038 4798 ΙΙ
1081 4735 1142 4784 19
1183 4731 1402 4786 constat
1437 4733 1606 4788 fuisse
1643 4733 1706 4786 F
1729 4735 1744 4804 Ι]
1771 4731 2067 4802 Argivum]
2108 4733 2175 4786 de
2214 4733 2439 4802 tyburte
2478 4733 2605 4784 add.
2638 4731 2727 4784 M.
2776 4733 2847 4796 cf.
2882 4729 3011 4786 haee
3050 4749 3161 4802 my-

613 4801 902 4870 thoyraphi
943 4801 1040 4856 ‘ad
1077 4817 1242 4870 quam
1279 4803 1522 4858 Venulus
1549 4805 1792 4874 Aryivus
1821 4805 1884 4858 de
1919 4805 2145 4860 Tiburte
2170 4803 2433 4860 otzittitur’
2466 4805 2485 4872 ΙΙ
2508 4817 2639 4856 nam
2678 4799 2859 4856 tiburs
2896 4805 2983 4856 est
3008 4803 3157 4858 RH:

607 4889 718 4926 non
753 4871 998 4924 tiburem
1033 4871 1078 4924 S
1129 4889 1242 4928 non
1279 4875 1450 4940 tybur
1487 4879 1572 4930 est
1609 4877 1658 4928 L
1717 4895 1828 4930 non
1861 4877 2115 4942 tyberem
2156 4877 2235 4930 M
2282 4891 2415 4928 nam
2452 4873 2711 4942 tyburem
2740 4871 2803 4924 F
2852 4891 2963 4928 non
2998 4875 3161 4944 tybu-

609 4959 726 4996 rem
763 4941 826 5012 lll
871 4949 938 4996 20
975 4943 1174 4998 tiburti
1213 4945 1274 5000 F
1297 4947 1316 5016 ΙΙ
1343 4949 1588 5018 raptam]
1627 4947 1882 5000 Tarchon
1935 4945 2209 5016 Veryae'lius
2234 4949 2251 5018 ΙΙ
2294 4951 2359 5000 21
2396 4943 2697 4998 diomeden
2732 4943 2867 4998 RH
2888 4947 2907 5014 fl
2936 4946 3023 5000 vel
3062 4963 3161 5002 om.

609 5013 748 5076 st
773 5015 792 5080 ΙΙ
819 5015 1006 5084 quasi]
1043 5015 1204 5070 uelut
1239 5017 1330 5084 Sl,
1369 5019 1470 5074 del.
1499 5037 1550 5072 m
1579 5021 1598 5088 ΙΙ
1623 5017 1784 5086 civis]
1827 5017 1977 5072 ciues
2004 5019 2049 5072 S
2088 5021 2243 5086 (corr.
2270 5017 2323 5086 s)
2360 5033 2495 5072 cuus
2534 5015 2589 5068 L
2642 5015 2797 5072 euius
2826 5017 2883 5070 H
2912 5019 2933 5086 ΙΙ
2960 5023 3027 5072 22
3068 5019 3163 5072 ad-

609 5085 836 5140 duceret
871 5085 964 5138 uel
1001 5083 1162 5138 eitius
1203 5089 1372 5142 edidit
1407 5087 1720 5158 Stephanus
1755 5092 1774 5159 ΙΙ
1819 5093 2003 5158 posset
2040 5089 2101 5144 F
