3900 5784
707 599 792 662 62
889 567 892 570 ’
1861 603 2103 658 ssnvn

707 761 864 826 ‘non
889 759 1216 842 laetatus',
1255 761 1500 824 scilicet
1533 767 1798 854 propter
1839 763 2231 848 supplicium
2266 785 2473 828 suum.
2538 785 2695 828 sane
2726 761 2999 828 Alciden
3034 765 3261 828 volunt

705 867 970 950 quidam
1015 857 1144 930 ἀπὸ
1181 867 1296 950 τῆς
1333 859 1540 952 ἀλκῆς
1589 869 1862 954 dictum,
1905 869 1973 932 id
2020 873 2121 934 est
2156 893 2197 934 a
2232 869 2503 934 virtute:
2562 869 2731 956 quod
2774 893 2903 934 non
2952 869 3261 952 procedit,

705 973 858 1056 quia
913 997 952 1038 a
1007 973 1216 1056 prima
1275 977 1490 1040 aetate
1545 977 1670 1040 hoc
1727 997 1963 1040 nomen
2012 977 2247 1040 habuit
2300 977 2381 1040 ab
2428 977 2697 1060 Alcaeo,
2734 979 2945 1058 -patre
2992 975 3261 1058 Amphi-

699 1079 974 1160 tryonis.
1067 1083 1134 1144 et
1177 1081 1414 1146 scimus
1465 1083 1812 1166 agnomina
1861 1081 1942 1146 ab
1994 1081 2429 1148 accidentibus
2480 1081 2633 1148 dari.

631 1199 662 1248 5
883 1187 1028 1252 394.
1105 1205 1500 1268 QVAMQVAM
1547 1211 1624 1254 ac
1657 1189 1718 1250 si
1753 1187 2017 1268 diceret,
2064 1189 2187 1252 hoc
2234 1189 2297 1252 in
2348 1193 2409 1252 te
2450 1189 2735 1252 nondum
2786 1187 3095 1274 probavi:
3140 1189 3257 1252 sci-

699 1293 856 1356 licet
899 1313 1018 1376 per
1063 1295 1572 1380 simulationem,
1619 1317 1768 1358 nam
1813 1299 2105 1360 noverat.

881 1401 1028 1466 395.
1093 1421 1168 1466 IN
1197 1419 1460 1466 VINcLA
1489 1421 1770 1466 PETIVIT
1799 1401 2115 1466 Hercules
2148 1425 2185 1466 a
2216 1403 2739 1484 prudentioribus
2776 1407 2995 1466 mente
3032 1403 3259 1486 magiS,

701 1527 898 1590 quam
943 1529 1212 1592 corpore
1259 1507 1450 1572 fortis
1491 1507 1836 1592 inducitur,
1885 1507 2041 1572 adeo
2082 1511 2155 1572 ut
2194 1509 2525 1572 duodecim
2566 1507 2703 1572 eius
2742 1509 2999 1572 labores
3032 1507 3259 1572 referri

699 1615 952 1694 possint
1015 1613 1094 1678 ad
1157 1613 1426 1696 aliquid:
1491 1637 1644 1678 nam
1711 1637 1856 1680 cum
1917 1617 2111 1696 plura
2164 1613 2417 1698 fecerit,
2486 1613 2821 1676 duodecim
2882 1617 3139 1676 tantum
3204 1613 3259 1676 ei

595 1733 662 1780 10
701 1721 1136 1806 adsignantur
1193 1723 1462 1804 propter
1527 1721 1754 1808 agnita
1813 1721 2151 1784 duodecim
2216 1721 2419 1806 signa.
2516 1721 2685 1806 quod
2748 1725 2965 1786 autem
3022 1721 3257 1784 dicitur

697 1829 976 1892 traxisse
1015 1829 1096 1892 ab
1135 1827 1358 1892 inferis
1399 1823 1776 1910 Cerberum,
1819 1829 1983 1892 haec
2018 1829 2183 1892 ratio
2228 1831 2351 1912 est,
2396 1827 2549 1910 quia
2598 1849 2819 1892 omnes
2872 1827 3255 1910 cupiditates

699 1937 766 1996 et
811 1937 1060 1998 cuncta·
1087 1933 1252 1998 vitia
1293 1937 1552 1998 terrena
1607 1935 2003 2018 contempsit
2054 1937 2125 1996 et
2176 1933 2461 1998 domuit:
2518 1955 2671 1996 nam
2720 1931 3035 1998 Cerberus
3086 1937 3259 1998 terra

699 2043 826 2118 est,
873 2039 936 2104 id
985 2043 1084 2104 est
1135 2039 1572 2124 consumptrix
1623 2039 1910 2104 omnium
1949 2061 2309 2124 corporum.
2384 2039 2549 2102 unde
2588 2043 2653 2104 et
2692 2037 3011 2104 Cerberus
3050 2039 3257 2102 dictus

701 2149 826 2228 est,
867 2147 1050 2230 quasi
1087 2145 1480 2232 κρεοβόρος,
1519 2147 1582 2210 id
1623 2151 1720 2210 est
1759 2169 2017 2212 carnem
2054 2169 2315 2210 vorans:
2366 2147 2529 2210 unde
2568 2147 2807 2230 legitur
2848 2145 3053 2230 <VIII
3086 2147 3257 2228 297>

595 2263 666 2312 15.
703 2273 880 2316 ossa
927 2273 1156 2334 super
1197 2253 1606 2316 recubans:
1653 2275 1804 2316 nam
1853 2275 1989 2318 non
2034 2275 2185 2318 ossa
2234 2253 2421 2318 citius
2470 2257 2641 2318 terra
2688 2251 3023 2318 consumit.

883 2359 1030 2424 396.
1101 2375 1318 2424 IPSIVS
1361 2377 1406 2424 Α
1443 2375 1648 2426 SOLIO
1685 2377 1894 2426 REGIS
1941 2361 2125 2444 atqui
2160 2357 2475 2426 Cerberus
2524 2359 2751 2426 statim
2792 2363 2945 2442 post
2990 2359 3263 2424 flumina

703 2469 834 2550 est,
889 2469 960 2530 ut
1013 2467 1228 2550 <417>
1279 2465 1660 2532 Cerberus
1713 2469 1900 2532 haec
1956 2469 2229 2552 ingens
2284 2469 2579 2530 latratu
2636 2467 2883 2550 regna
2932 2465 3261 2530 trifauci

701 2575 1100 2654 personat:
1149 2595 1300 2636 nam
1345 2571 1486 2636 illic
1527 2573 1710 2656 quasi
1753 2575 1850 2636 est
1891 2573 2101 2636 aditus
2150 2571 2529 2654 inferorum,
2578 2573 2815 2636 solium
2856 2575 3071 2636 autem
3110 2573 3259 2636 Plu-

703 2679 882 2744 tonis
945 2679 1216 2742 interius
1283 2683 1402 2744 est.
1495 2699 1650 2762 ergo
1717 2683 1828 2742 aut
1891 2679 1971 2742 ad
2026 2681 2325 2742 naturam
2390 2699 2621 2742 canum
2678 2677 3085 2742 referendum
3142 2681 3261 2762 est,

591 2795 664 2846 2ο
703 2785 814 2872 qui
859 2785 1070 2850 territi
1111 2785 1192 2850 ad
1231 2785 1526 2850 dominos
1563 2783 1971 2866 confugiunt:
2022 2789 2135 2848 aut
2180 2785 2411 2866 solium
2456 2805 2575 2868 pro
2626 2785 2897 2870 imperio
2946 2783 3259 2868 accipien-

705 2893 856 2958 dum
909 2897 1036 2976 est,
1089 2897 1168 2956 ut
1209 2893 1368 2956 alibi
1417 2915 1594 2958 arces
1643 2915 1762 2974 pro
1805 2891 2079 2976 imperio
2128 2891 2375 2976 posuit,
2430 2897 2507 2954 ut
2548 2891 2919 2956 inbellem
2970 2891 3259 2956 avertis

695 2999 1072 3062 Romanis
1139 2999 1442 3062 arcibus
1501 2999 1800 3082 Indum,
1867 3019 2015 3062 cum
2066 2997 2213 3062 Indi
2270 3019 2469 3080 usque
2528 2997 2609 3062 ad
2662 2999 2909 3082 primos
2968 2999 3263 3062 venerint

697 3105 886 3190 fines,
931 3125 1312 3188 non-usque
1361 3105 1442 3168 ad
1489 3125 1686 3170 arces.
3034 3185 3037 3188 ἦ

875 3211 1024 3274 397.
1093 3229 1172 3272 ΗῙ
1207 3227 1542 3276 DOMINAM
1577 3227 1768 3276 Dl‘rls
1805 3213 1918 3274 aut
1952 3211 2033 3274 de
2060 3209 2307 3274 Graeco
2346 3213 2631 3274 tractum
2666 3213 2791 3292 est,
2840 3209 2949 3294 qui
2994 3233 3261 3276 uxorem

593 3327 664 3378 25
703 3317 1066 3384 δέσποιναν
1075 3317 1322 3382 dicunt:
1341 3311 2487 3402 3,111,“])11;ἰε1;11616,1ηο’,’υ13“ἀο1111113,111’
2500 3315 2759 3382 Charon
2774 3317 2851 3380 ad
2870 3337 2935 3380 se
2946 3317 3261 3380 retulerit.

843 3499 874 3546 1
913 3509 1044 3548 sane
1071 3491 1308 3548 Alciden
1345 3533 1356 3544 .
1395 3535 1404 3548 .
1435 3533 1446 3544 .
1487 3491 1636 3562 dari]
1675 3509 1844 3548 exscr.
1875 3493 2159 3560 mythogr.
2186 3491 2241 3544 ΙΙ
2270 3497 2371 3548 149
2402 3497 2417 3564 ΙΙ
2446 3497 2477 3546 ’1
2518 3493 2787 3548 Hercules
2816 3533 2829 3546 .
2864 3535 2873 3546 .
2910 3533 2919 3546 .
2952 3491 3257 3564 consumit]

697 3581 872 3620 exscr.
905 3563 1182 3632 mythogr.
1211 3563 1264 3616 ΙΙ
1295 3569 1414 3630 149,
1451 3563 1534 3616 ΠΙ
1563 3569 1648 3630 13,
1675 3569 1708 3616 4
1737 3565 1756 3634 ss
1787 3569 1848 3616 12
1889 3581 2021 3616 nam
2050 3561 2317 3616 Cerberus
2360 3605 2373 3618 .
2408 3605 2419 3618 .
2448 3605 2461 3618 .
2502 3563 2727 3634 vorans]
2768 3581 2939 3618 exscr.
2978 3565 3259 3632 mythogr.

703 3637 726 3688 Ι
769 3641 850 3692 57.
911 3635 978 3688 cf.
1019 3631 1150 3688 Isid.
1189 3651 1266 3688 or.
1303 3635 1382 3688 XI
1419 3641 1466 3700 3,
1509 3641 1576 3688 33
1621 3637 1642 3704 ΙΙ
1687 3641 1752 3686 21
1777 3633 2083 3702 inbellem]
2126 3649 2311 3704 georg.
2354 3635 2407 3688 II
2444 3639 2545 3690 172
3256 3665 3261 3668 -

841 3781 874 3830 2
915 3771 1054 3844 ἀπὸ]
1093 3795 1180 3830 tto
1215 3777 1288 3830 H
1315 3779 1334 3846 ΙΙ
1383 3787 1520 3830 ΛΚΝ(
1555 3775 1612 3830 R
1669 3791 1840 3830 ,ὧι-11111(
1877 3777 1946 3830 Η
1994 3793 2207 3830 aaran(
2246 3777 2321 3830 M
2352 3779 2371 3848 ΙΙ
2416 3791 2531 3830 non
2564 3767 2667 3830 o5m.
2706 3773 2757 3828 Ο
2794 3775 2813 3842 ΙΙ
2870 3781 2903 3830 3
2938 3791 2975 3830 a
3012 3791 3111 3830 om.
3150 3775 3203 3828 R
3254 3777 3263 3848 Ι

697 3847 854 3902 alceo
893 3847 1026 3902 libri
1051 3847 1070 3916 ΙΙ
1095 3847 1258 3914 patre
1297 3863 1396 3902 om.
1417 3847 1484 3900 H
1505 3851 1524 3920 [Ι
1549 3845 1944 3916 amphitrionis
1978 3845 2089 3902 RS
2144 3845 2553 3916 amphityronis
2588 3847 2661 3900 H
2706 3845 3059 3914 amfytrionis
3100 3849 3175 3902 M
3242 3889 3257 3902 .

695 3917 1060 3988 Amphitrion
1093 3917 1186 3972 uir
1219 3919 1420 3974 matris
1455 3917 1698 3974 herculis
1735 3917 1858 3974 fuit.
1917 3919 2063 3974 unde
2098 3917 2253 3972 idem
2290 3917 2793 3988 amphitrioniades
2828 3919 3029 3972 dictus,
3078 3935 3263 3990 ‘quan-

697 4007 866 4056 quam
903 3989 1048 4044 iouis
1081 3987 1230 4042 filius
1269 3989 1454 4044 fuerit.
1537 3989 1766 4044 Alcides
1803 3993 1995 4044 autem
2032 3989 2271 4042 uocatur
2306 4007 2339 4044 a
2376 3991 2537 4058 patre
2576 3989 2825 4044 eiusdem
2864 3989 3259 4058 amphitrionis

693 4061 822 4116 add.
859 4061 918 4114 R
955 4061 964 4130 Ι
997 4067 1034 4112 4
1071 4059 1456 4116 occidentibus
1495 4061 1610 4114 FO
1633 4063 1652 4132 ΙΙ
1679 4067 1726 4114 ’6
1767 4077 1898 4114 nam
1933 4077 2035 4118 om.
2072 4061 2191 4114 AS
2206 4061 2225 4131 11
2272 4067 2301 4116 7
2336 4059 2583 4114 herculis
2624 4061 2741 4114 FO
2762 4063 2781 4130 ΙΙ
2822 4065 2855 4112 8
2894 4061 3113 4114 fortiter
3150 4061 3203 4114 R
3242 4059 3259 4130 ΙΙ

693 4133 784 4202 ut]
823 4133 882 4184 et
973 4131 1020 4184 S
1057 4133 1212 4198 (corr.
1243 4135 1300 4200 a)
1327 4135 1346 4204 ΙΙ
1375 4133 1492 4186 eius
1531 4131 1750 4186 labores
1783 4173 1828 4186 ..
1851 4173 1864 4184 .
1897 4133 2091 4200 agnita
2130 4133 2423 4186 duodecim
2460 4147 2561 4184 om.
2594 4131 2645 4184 G
2666 4133 2681 4202 ΙΙ
2718 4131 2963 4200 labores]
3008 4131 3173 4196 bores
3200 4131 3263 4184 F

693 4199 712 4272 Ι]
763 4207 796 4254 9
831 4199 1050 4268 aliquid
1095 4203 1228 4256 libri
1273 4207 1336 4256 et⁴
1357 4205 1620 4274 mythoyr.
1663 4205 1808 4256 III:
1861 4201 2089 4268 aliquod
2126 4205 2391 4270 mythoyr.
2430 4203 2515 4254 II
2560 4203 2805 4254 animum
2850 4201 3145 4256 Pomanus
3180 4205 3257 4256 ad

695 4271 942 4326 Macrob.
979 4271 1098 4324 Sat.
1137 4271 1166 4324 I
1201 4277 1272 4326 20
1325 4271 1480 4326 aliud
1519 4275 1884 4328 Burmannus
1927 4273 1944 4342 ΙΙ
2000 4271 2217 4340 fecerit]
2270 4271 2495 4326 steterit
2534 4271 2591 4322 F
2644 4275 2661 4342 ΙΙ
2716 4275 2783 4324 11
2828 4287 3119 4326 cer-uerum
3160 4271 3205 4326 0
3238 4273 3257 4346 Η

693 4341 872 4396 omnis
913 4341 972 4394 F
1003 4343 1024 4413 11
1073 4345 1136 4394 12
1177 4359 1434 4398 cer-uerus
1475 4345 1522 4398 Ο
1559 4346 1576 4414 Ι]
1625 4349 1690 4396 13
1729 4343 1814 4412 id]
1851 4359 1997 4410 quae
2038 4343 2111 4394 M
2150 4345 2169 4414 ΙΙ
2208 4343 2297 4396 est
2330 4343 2709 4410 consumptrix
2748 4341 2861 4394 FO
2914 4343 3259 4400 consumtrix

691 4413 954 4484 mythoyr.
991 4413 1078 4466 II
1123 4415 1214 4468 est
1249 4415 1594 4470 consumtrix
1627 4415 1894 4482 mythoyr.
1927 4415 2053 4466 III
2106 4415 2485 4480 consumptrix
2526 4415 2611 4466 est
2652 4415 2723 4466 M
2732 4435 2747 4466 ε
2788 4415 2875 4468 est
2912 4431 3259 4470 consumma-

691 4481 806 4536 trix
839 4483 1092 4538 RASH
1111 4487 1130 4556 n
1161 4501 1418 4538 cei-uerus
1457 4483 1504 4538 G
1537 4487 1554 4556 {1
1591 4493 1660 4540 14
1697 4487 1786 4538 est
1821 4499 1920 4538 om.
1964 4483 2077 4538 FO
2098 4487 2117 4554 ss
2148 4485 2437 4538 creoberas
2474 4483 2531 4538 R
2586 4485 2883 4542 creoborus
2920 4485 3051 4540 AF
3100 4503 3257 4540 ereo—

695 4553 860 4608 boros
893 4557 1092 4626 reliqui
1127 4557 1148 4628 ΙΙ
1189 4557 1336 4612 unde
1375 4559 1434 4610 et
1467 4555 1678 4610 lectum
1717 4557 1806 4610 est
1843 4557 1920 4608 M
1952 4559 1967 4628 ΙΙ
2022 4561 2083 4610 15
2124 4573 2253 4610 nam
2290 4571 2403 4610 non
2438 4571 2567 4610 ossa
2606 4559 2681 4612 M
2686 4577 2699 4610 ε
2748 4573 2881 4610 nam
2918 4575 3047 4612 ossa
3080 4573 3193 4612 non
3230 4575 3259 4612 s

691 4641 826 4678 nam
859 4643 988 4682 ossa
1021 4629 1236 4698 reliqui.
1311 4645 1444 4682 nam
1483 4643 1706 4682 carnem
1745 4625 1912 4682 citius
1947 4631 2099 4682 terra
2138 4643 2307 4696 quam
2344 4643 2469 4680 ossa
2510 4629 2789 4682 consumit
2824 4643 2881 4682 m
2920 4631 3087 4698 thom.
3130 4629 3207 4682 II
3238 4629 3259 4700 Η

667 4697 1004 4752 ‘consumsit
1033 4697 1094 4750 F
1115 4701 1132 4768 ΙΙ
1167 4705 1228 4754 16
1269 4717 1526 4756 eei-uerus
1563 4697 1608 4750 O
1631 4701 1650 4768 ῃ
1681 4701 1744 4752 17
1789 4715 2045 4752 ceruerus
2076 4697 2123 4750 0
2144 4701 2165 4770 ΙΙ
2190 4699 2399 4752 latrato
2436 4697 2491 4750 R
2520 4701 2537 4770 11
2564 4697 2801 4754 trisorici
2916 4703 2933 4770 ΙΙ
2960 4705 3031 4752 18
3068 4699 3257 4754 aditus

695 4767 782 4820 est
817 4765 868 4818 R
915 4771 934 4838 ΙΙ
981 4775 1048 4820 19
1085 4769 1320 4826 interius
1357 4770 1468 4841 est]
1521 4769 1754 4824 interior
1795 4769 1852 4820 F
1913 4771 1997 4824 est
2036 4769 2269 4822 interius
2308 4767 2363 4822 0.
2422 4785 2535 4822 non
2566 4769 2627 4824 in
2666 4769 2921 4838 ingressu
2956 4769 3083 4824 add.
3128 4769 3203 4822 M
3236 4769 3257 4852 [Ι

695 4835 796 4890 aut
831 4853 934 4892 om.
971 4837 1088 4892 FO
1121 4841 1140 4910 ΙΙ
1189 4843 1340 4898 canis
1375 4841 1492 4896 FO
1535 4843 1554 4912 ΙΙ
1605 4847 1674 4894 21
1713 4839 1924 4894 euertis
1958 4841 2069 4896 AS
2120 4841 2381 4894 auertens
2420 4839 2539 4894 FO
2576 4843 2593 4912 ΙΙ
2650 4847 2715 4894 22
2756 4837 2991 4912 primos]
3032 4841 3253 4910 imperii

2696 4923 2717 4952 1

697 4957 814 5012 FO
833 4961 850 5030 ΙΙ
887 4967 958 5012 24
995 4965 1094 5014 aut
1131 4947 1264 5032 quia
1303 4967 1368 5020 de
1411 4967 1458 5020 0
1477 4967 1496 5038 ΙΙ
1525 4965 1644 5036 qui]
1687 4963 1822 5034 quia
1855 4963 1920 5016 F
1939 4967 1959 5036 ΙΙ
1994 4971 2065 5018 25
2102 4981 2403 5020 Aecuomtm
2438 4967 2493 5018 R
2550 4983 2671 5020 acor
2710 4981 2813 5018 nau
2850 4965 2915 5018 H
2966 4983 3257 5020 aeonruau

697 5033 772 5084 M
825 5031 1114 5102 despinam
1153 5037 1214 5088 F
1263 5039 1572 5108 despynam
1609 5039 1656 5092 0
1691 5039 1710 5108 ΙΙ
1763 5037 1961 5090 retulit
1994 5037 2041 5090 S
2090 5035 2315 5090 rettulit
2350 5035 2415 5090 F
2460 5037 2669 5092 rettule
2694 5033 2743 5102 ft
2786 5033 2831 5090 0

2642 5105 2697 5316 J
2808 5271 2813 5276 ,
