3900 5784
1267 575 1492 630 COMM.
1533 575 1608 628 IN
1651 573 1860 630 VERG.
1905 573 2067 628 AEN.
2108 573 2241 628 VIII
2282 581 2577 630 ess—641.
3046 569 3175 632 289

625 739 794 804 nalis
829 737 964 818 <IX
995 737 1126 822 53>
1177 761 1486 804 munera
1533 737 1892 818 femineis
1935 739 2231 802 tractat
2280 735 2579 804 secreta
2624 737 2999 804 kalendis,
3060 757 3179 800 neo

625 845 800 908 euim
865 845 1056 908 aliter
1107 847 1408 930 congruit
1449 845 1722 908 Martias
1783 845 2087 910 kalendas
2150 865 2287 908 esse
2338 845 2759 928 feminarum,
2820 845 2947 910 nisi
3012 845 3177 930 quia,

627 955 694 1014 ut
739 951 1048 1034 diximus,
1093 951 1372 1016 feminae
1419 950 1588 1016 bella
1639 947 1959 1014 sedarunt.
2048 971 2199 1014 saue
2252 949 2577 1014 sciendum
2628 973 2845 1016 omnes
2894 953 3177 1036 virgines

619 1061 842 1142 raptas
885 1061 1150 1142 excepta
1189 1057 1502 1142 Hersilia,
1547 1079 1740 1142 quam
1781 1057 2103 1120 sublatam
2144 1079 2179 1122 a
2216 1059 2453 1122 marito
2506 1055 2631 1120 sibi
2666 1057 2987 1124 Romulus
3024 1059 3179 1124 feeit

621 1187 906 1228 uxorem.
989 1169 1100 1230 aul
1147 1165 1164 1194 ‘
1177 1163 1426 1230 severis'
1471 1163 1804 1248 disciplina
1817 1185 1838 1226 .·
1889 1169 2001 1230 aut
2042 1185 2171 1228 rem
2214 1163 2321 1228 hoo
2366 1163 2539 1226 verbo
2582 1163 2957 1228 reconditam
3004 1167 3177 1248 dixit,
3218 1175 3249 1222 5

625 1271 778 1352 Quia
821 1271 1052 1336 Sabini
1093 1293 1136 1334 a
1171 1271 1674 1336 Lacedaemoniis
1717 1271 2021 1354 oriyinem
2062 1273 2317 1350 ducant,
2366 1275 2435 1334 al
2470 1271 2765 1352 Hyyinus
2808 1271 2905 1334 ait
2944 1273 3019 1334 de
3062 1273 3179 1336 ori-

595 1379 762 1460 ·9ine
803 1379 1054 1442 urbium
1097 1377 1498 1462 Italicarum,
1543 1399 1582 1442 a
1631 1377 1816 1460 Sabo,
1865 1379 1973 1460 qai
2018 1379 2087 1442 de
2134 1377 2385 1442 Perside
2418 1375 2931 1442 Lacedaemonios
2980 1381 3179 1442 trans-

621 1485 754 1548 iens
789 1483 874 1548 ad
907 1483 1172 1548 Italiam
1205 1485 1372 1548 vemt
1411 1487 1468 1548 et
1503 1485 1774 1566 expulsis
1807 1483 2037 1550 Siculis
2072 1483 2269 1546 iemiil
2304 1483 2435 1548 loca
2480 1505 2635 1564 quae
2670 1481 2895 1546 Sabini
2926 1481 3179 1548 habent:

621 1611 778 1654 nam
817 1595 878 1654 el
907 1595 1156 1672 partem
1199 1589 1540 1654 Persarum
1581 1591 1828 1654 nomine
1875 1589 2167 1670 Caspiros
2210 1589 2525 1672 wellam
2564 1591 2845 1672 coepisse,
2900 1591 3011 1670 qui
3038 1595 3183 1670 post

621 1701 900 1778 corrupte
943 1695 1270 1778 Casperuli
1309 1697 1456 1760 dieti
1503 1701 1664 1760 sunt.
1747 1693 1900 1760 Cato
1941 1701 2149 1758 aulem
2192 1701 2255 1758 et
2296 1693 2537 1760 Gellius
2582 1715 2625 1758 a
2666 1693 2831 1760 Sabo
2876 1693 3177 1758 Lacedae·
3224 1709 3287 1754 10

619 1805 822 1866 monio
881 1803 1120 1866 trahere
1163 1823 1260 1866 eos
1303 1801 1606 1882 oriyiiiem
1651 1801 1936 1880 referum.
2018 1821 2213 1884 porro
2260 1801 2773 1866 Lacedaemonios
2816 1801 3181 1864 durissimos

611 1909 806 1988 faisse
847 1911 1050 1974 omnis
1095 1909 1266 1972 leobio
1309 1909 1492 1972 docel.
1581 1907 1963 1972 Sabinorum
2012 1909 2195 1972 etiam
2244 1927 2437 1972 mores
2472 1909 2777 1988 populum
2820 1907 3179 1972 Romanam

613 2021 886 2078 secatam
937 2015 1100 2078 idem
1149 2019 1296 2080 Caio
1351 2015 1532 2080 dicit:
1591 2015 1806 2098 mem‘lo
1853 2035 1995 2098 erqo
2038 2015 2289 2080 ‘severis
2298 2015 2341 2096 ⁹,
2398 2015 2507 2096 qui
2548 2019 2611 2078 et
2650 2037 2691 2080 a
2738 2015 2913 2080 daris
2946 2035 3179 2096 paren—

617 2123 778 2186 tibus
829 2123 952 2186 orti
1007 2129 1176 2206 sunt,
1231 2129 1290 2186 et
1339 2141 1600 2204 quorum
1653 2123 2051 2204 disciplinam
2104 2123 2357 2186 victores
2396 2121 2675 2186 Romani
2720 2125 2789 2186 in
2836 2123 3047 2214 mullis
3094 2141 3177 2186 se-

615 2231 742 2294 cati
783 2233 940 2294 sunt.
1809 2269 1812 2272 -
2692 2267 2695 2270 -
3224 2237 3285 2288 15

793 2335 940 2398 639.
1015 2351 1264 2402 POSITO
1303 2351 1706 2400 ΟΕΒΤΑΜΙΝΕ
1747 2335 1965 2418 finito,
2010 2339 2081 2398 ut
2124 2333 2195 2418 <1
2230 2333 2401 2418 374>
2452 2339 2629 2400 ante
2674 2335 2873 2398 diem
2918 2337 3179 2400 clauso
3254 2365 3257 2368 ⁴

617 2447 1028 2526 componet
1069 2441 1372 2528 Vesper
1417 2441 1758 2526 Olympo,
2208 2431 2213 2436 ’
2288 2523 2291 2526 ἦ

793 2549 940 2612 640.
1017 2565 1200 2612 IOVIS
1249 2565 1438 2614 ANTE
1489 2565 1680 2612 ARAM
1729 2551 1882 2612 ante
1929 2549 2247 2630 templum
2288 2547 2467 2612 Iovis
2516 2547 2823 2632 Statoris,
2874 2547 3043 2632 quod
3092 2547 3179 2610 fe-

615 2659 790 2720 cerat
835 2655 1180 2738 Romulus,
1237 2657 1588 2740 postquam
1645 2675 1838 2720 orans
1897 2655 2089 2720 elatis
2146 2655 2345 2720 armis
2390 2657 2629 2720 meruit
2672 2679 2755 2720 ne
2804 2679 2957 2720 suus
3004 2675 3175 2720 exer·
3302 2721 3305 2726 ,

623 2763 788 2828 citus
833 2763 1108 2848 fugeret.
3220 2769 3287 2822 2ο

793 2871 938 2934 641.
1015 2887 1422 2934 lvNeEBANT
1483 2887 1810 2936 FOEDERA
1865 2885 2097 2936 POROA
2154 2867 2467 2952 foedera,'
2510 2873 2585 2948 ut
2650 2871 2927 2936 diximus
2990 2891 3181 2954 supra

621 2975 874 3060 <162>‚
919 2975 1096 3038 dieta
1141 2979 1294 3040 sunt
1345 2999 1384 3038 a
1423 2997 1626 3058 porea
1667 2975 1858 3040 foede
1895 2981 1963 3038 et
2000 2977 2345 3040 crudeliter
2384 2977 2623 3060 occisa3
2666 2997 2819 3040 nam
2866 2997 3003 3040 oum
3038 2981 3203 3040 ante

607 3083 838 3166 yladiis
891 3083 1312 3166 eonfiyeretur,
1371 3103 1410 3146 a
1451 3083 1768 3162 fetialibus
1821 3085 2137 3148 inventam
2180 3087 2255 3146 at
2294 3083 2465 3148 silice
2516 3083 2813 3164 feriretur
2858 3103 2929 3148 ea
2976 3103 3181 3164 eausa,

615 3191 778 3270 qaod
837 3189 1084 3272 antiqui
1147 3189 1318 3254 Iovis
1381 3191 1626 3272 siquam
1693 3191 1961 3272 lapidem
2018 3191 2251 3254 silicem
2300 3195 2681 3272 putaveram
2744 3209 2883 3254 esse,
2978 3187 3183 3254 Cicero

611 3297 862 3376 foedera
901 3317 944 3358 a
989 3297 1110 3378 fide
1141 3299 1332 3376 putat
1375 3297 1556 3362 dieta.
1645 3299 1756 3360 sed
1791 3297 1981 3360 liuius
2020 3317 2251 3378 porcae
2304 3317 2481 3360 mors
2534 3297 2887 3378 optabatur
2936 3297 3017 3380 ei,
3072 3293 3179 3378 qui
3218 3301 3283 3350 25

619 3425 654 3468 a
689 3425 850 3486 pace
895 3403 1240 3468 resilisset.
1315 3403 1482 3466 falso
1529 3407 1746 3466 autem
1793 3403 1888 3468 ait
1923 3401 2197 3486 eporea':
2244 3425 2395 3466 uam
2446 3401 2525 3466 ad
2572 3403 2695 3466 hoe
2744 3423 2947 3486 genus
2994 3401 3185 3464 saeri-

617 3509 748 3574 fioii
793 3529 1030 3592 porcus
1079 3509 1526 3574 adhibebatur.
1613 3529 1766 3592 ergo
1815 3513 1928 3574 aut
1978 3509 2319 3594 usurpavit
2366 3529 2569 3594 genus
2618 3531 2735 3592 pro
2784 3529 3049 3594 genere,
3110 3509 3185 3568 ut

617 3615 872 3682 timidi
913 3617 1240 3680 venient
1283 3615 1378 3680 ad
1419 3617 1702 3698 pocula
1745 3617 2121 3698 dammae,
2172 3639 2319 3680 cum
2366 3617 2487 3696 has
2532 3617 2827 3680 dammas
2876 3615 3183 3696 dicamus,

769 3869 834 3916 10
875 3863 1040 3934 Cato]
1081 3881 1154 3918 or.
1195 3863 1222 3914 I
1251 3869 1278 3914 7
1319 3881 1374 3930 p.
1405 3869 1436 3914 5
1467 3863 1634 3926 Iord.;
1675 3867 1738 3916 51
1779 3869 1934 3930 9.,66
1964 3861 2079 3914 Pet.
2110 3863 2129 3926 ΙΙ
2164 3859 2401 3932 Gellius]
2444 3861 2639 3932 fragm.
2686 3867 2747 3914 10
2786 3881 2837 3930 p.
2872 3867 2975 3914 168
3002 3861 3119 3916 Pet.
3160 3861 3181 3932 Η

575 3981 582 3986 .
623 3939 686 3986 21
729 3933 958 3988 foedera
997 3977 1008 3986 .
1039 3975 1052 3986 .
1087 3977 1100 3990 .
1135 3933 1428 4002 resilisset]
1475 3949 1642 3988 exser.
1681 3935 1810 3988 Isid.
1853 3949 1930 3986 or.
1970 3931 2151 3986 XVIII
2192 3939 2241 4002 1,
2272 3939 2337 3986 11
2366 3935 2387 4002 ΙΙ
2420 3937 2489 3986 28
2526 3931 2735 4002 timidi]
2774 3935 2899 3986 buo.
2942 3931 3073 3986 VIII
3110 3939 3179 3986 28

765 4169 796 4218 3
835 4181 872 4216 a
903 4157 1130 4218 feminis
1165 4163 1318 4218 bella
1357 4163 1544 4218 sedate
1587 4163 1712 4232 (sio)
1747 4163 1878 4216 sunt
1911 4163 1977 4214 F
1998 4163 2015 4232 ΙΙ
2058 4167 2093 4214 4
2130 4161 2357 4214 aersilia
2390 4161 2445 4214 L
2474 4162 2491 4232 ΙΙ
2516 4179 2629 4228 qua
2664 4161 2723 4214 R
2746 4163 2765 4232 ΙΙ
2804 4167 2837 4214 5
2876 4163 2951 4214 ad
2984 4179 3031 4216 v.
3074 4169 3179 4218 638

621 4239 684 4292 in
721 4253 888 4304 marg).
943 4235 1168 4304 quidam
1221 4235 1426 4290 seueris
1475 4233 1770 4304 disciplina
1819 4233 2155 4302 intellegunt
2204 4235 2271 4286 au
2312 4235 2445 4304 (1696
2480 4235 2597 4302 aut)
2644 4233 2799 4286 duris
2848 4233 3177 4302 parentibus

623 4309 812 4360 hortos
855 4309 910 4376 (i.
943 4323 988 4360 6.
1015 4309 1186 4376 ortos)
1229 4307 1288 4360 id
1327 4309 1408 4362 est
1447 4325 1484 4360 a
1517 4303 2009 4360 lacedaemouibus
2048 4321 2187 4372 quos
2226 4301 2543 4358 durissimos
2582 4303 2749 4358 fuisse
2790 4307 2971 4360 omnis
3008 4307 3179 4360 lectio

623 4379 788 4440 (locet
831 4379 882 4430 Τ
899 4379 918 4448 ΙΙ
949 4377 1148 4430 seuiris
1185 4377 1250 4430 F
1269 4379 1288 4448 ΙΙ
1331 4385 1362 4430 6
1401 4375 1824 4430 laiedaemouiis
1861 4375 1922 4428 F
1945 4377 1967 4444 ΙΙ
1994 4373 2191 4430 dicunt
2230 4375 2285 4430 F
2310 4379 2329 4449 Η
2358 4377 2425 4430 de
2468 4375 2679 4446 origine
2718 4375 2775 4430 in
2816 4375 3033 4430 orbium
3072 4377 3175 4430 ita-

621 4449 816 4504 lascim
859 4449 918 4502 F
939 4451 960 4520 11
999 4455 1024 4502 7
1069 4449 1216 4502 Sabo
1255 4451 1484 4502 Daniel:
1523 4449 1732 4502 sabone
1767 4445 1832 4498 F
1853 4449 1870 4518 ΙΙ
1909 4451 1979 4500 10
2014 4445 2305 4516 Casperuli
2342 4447 2573 4502 Daniel:
2612 4447 2867 4514 casperin
2908 4449 2973 4500 F
2992 4451 3011 4516 ΙΙ
3038 4447 3179 4502 uicti
3290 4477 3295 4482 ·

625 4525 754 4574 sunt
787 4519 866 4588 F,
901 4537 1038 4574 corr.
1081 4519 1288 4574 Daniel
1315 4522 1336 4589 ΙΙ
1377 4519 1558 4588 gelius
1597 4517 1654 4572 F
1687 4520 1708 4589 ΙΙ
1753 4535 1786 4570 a
1827 4517 1973 4572 Sabo
2008 4517 2243 4572 Daniel:
2280 4535 2411 4574 asco
2450 4519 2509 4574 F
2552 4521 2571 4588 ss
2618 4523 2683 4572 12
2720 4535 2903 4572 mores
2942 4519 3177 4574 Daniel:

623 4591 862 4646 maiores
897 4591 960 4644 F
985 4595 1004 4662 ΙΙ
1041 4595 1108 4646 13
1145 4589 1330 4644 siuiris
1369 4589 1428 4642 F
1451 4593 1470 4660 H
1507 4595 1576 4644 14
1609 4587 1842 4642 uictoris
1879 4589 1942 4640 F
1964 4590 1983 4659 ΙΙ
2024 4595 2093 4644 16
2128 4589 2189 4642 id
2228 4595 2317 4644 est
2350 4591 2507 4644 finito
2548 4589 2609 4642 F
2630 4591 2651 4658 ΙΙ
2696 4595 2757 4640 19
2800 4589 2987 4660 elatis]
3028 4589 3179 4646 datis

625 4663 674 4712 A
713 4665 732 4730 ΙΙ
775 4663 1016 4716 emeruit
1055 4663 1156 4716 Ml
1189 4666 1210 4730 ΙΙ
1255 4679 1324 4714 116
1363 4679 1492 4714 suus
1529 4659 1772 4714 exertius
1813 4659 2101 4728 fugeretur
2136 4661 2199 4712 F
2230 4661 2525 4730 (exereitus
2568 4661 2857 4728 fugaretur
2892 4661 3119 4730 Daniel)
3160 4661 3181 4734 Η

623 4739 690 4784 22
729 4733 878 4802 eum]
919 4749 1048 4786 eum
1089 4733 1150 4788 F
1169 4734 1190 4802 ΙΙ
1227 4739 1292 4788 23
1335 4733 1726 4800 confugeretur
1761 4729 2181 4808 F511iuuentum
2224 4733 2279 4784 F
2302 4735 2323 4804 ΙΙ
2358 4733 2513 4786 sicile
2556 4731 2655 4802 Fu
2696 4737 2761 4784 24
2802 4733 3017 4802 antiqui
3056 4749 3177 4802 69οε

621 4801 794 4868 antiq=
839 4805 896 4856 F
949 4805 1244 4872 antiquum
1279 4805 1532 4870 Danieli}
1573 4801 1820 4870 lapidem
1855 4799 2073 4856 silicem
2114 4805 2187 4856 M
2186 4805 2447 4858 asvioius:
2486 4801 2693 4872 lapidis
2730 4803 2947 4860 silicem
2984 4805 3047 4860 F
3094 4805 3177 4858 la-

621 4871 768 4942 pidis
807 4873 1026 4928 silieeni
1063 4875 1272 4928 Daniel
1299 4877 1318 4944 ΙΙ
1347 4879 1410 4926 25
1453 4875 1550 4926 sed
1587 4871 1750 4926 huius
1783 4889 1985 4940 porcae
2024 4873 2107 4924 F:
2144 4877 2303 4926 euius
2342 4875 2475 4928 libri
2508 4873 2769 4928 Serviani
2794 4877 2815 4946 ss
2842 4883 2909 4930 26
2948 4877 3179 4930 resillis-

623 4943 722 4996 secl
757 4943 820 4994 F
869 4943 1178 5000 resiluisset
1213 4947 1594 5000 Burmannus.
1647 4943 1720 5008 cf.
1757 4943 1912 4994 Neue
1952 4943 2227 5000 Formenl.
2266 4945 2345 4996 112
2374 4961 2435 5012 p.
2474 4949 2579 4998 482
2602 4961 2715 5012 sqq.
2742 4947 2761 5016 ss
2798 4955 2863 5002 27
2906 4951 3005 5002 aut
3044 4963 3179 5014 ergo

623 5013 682 5066 F
705 5015 724 5084 ΙΙ
761 5017 828 5066 28
867 5013 1106 5066 damnao
1141 5015 1252 5066 AS
1287 5017 1446 5082 (corr.
1485 5015 1540 5080 a)
1569 5016 1590 5084 ΙΙ
1625 5015 1858 5068 damnas
1893 5013 2009 5066 SF

733 5111 880 5150 Servii
907 5123 1068 5150 comm.
1101 5111 1198 5150 Vol.
1229 5113 1288 5150 11.
1321 5113 1448 5150 Fasc.
1477 5111 1512 5150 Ι,
2686 5113 2747 5162 19
