<?xml version="1.0" encoding="UTF-8"?>
<!DOCTYPE html PUBLIC "-//W3C//DTD XHTML 1.0 Transitional//EN"
    "http://www.w3.org/TR/xhtml1/DTD/xhtml1-transitional.dtd">
<html xmlns="http://www.w3.org/1999/xhtml" xml:lang="en" lang="en">
 <head>
  <title>
</title>
<meta http-equiv="Content-Type" content="text/html;charset=utf-8" />
  <meta name='ocr-system' content='tesseract 3.04.00' />
  <meta name='ocr-capabilities' content='ocr_page ocr_carea ocr_par ocr_line ocrx_word'/>
</head>
<body>
  <div class='ocr_page' id='page_1' title='image "./serviigrammatic00hagegoog_0028.png"; bbox 0 0 3900 5784; ppageno 0'>
   <div class='ocr_carea' id='block_1_1' title="bbox 747 627 2145 694">
    <p class='ocr_par' dir='ltr' id='par_1_1' title="bbox 747 627 2145 694">
     <span class='ocr_line' id='line_1_1' title="bbox 747 627 2145 694; baseline -0.009 -2"><span class='ocrx_word' id='word_1_1' title='bbox 747 631 834 694; x_wconf 81' lang='grc'>26</span> <span class='ocrx_word' id='word_1_2' title='bbox 1903 627 2145 682; x_wconf 81' lang='lat' dir='ltr'><strong>SERVII</strong></span> 
     </span>
    </p>
   </div>
   <div class='ocr_carea' id='block_1_2' title="bbox 631 789 3333 3546">
    <p class='ocr_par' dir='ltr' id='par_1_2' title="bbox 745 789 3303 1194">
     <span class='ocr_line' id='line_1_2' title="bbox 931 789 3303 874; baseline -0.003 -16"><span class='ocrx_word' id='word_1_3' title='bbox 931 791 1070 858; x_wconf 89' lang='grc'><strong>119.</strong></span> <span class='ocrx_word' id='word_1_4' title='bbox 1147 807 1208 854; x_wconf 73' lang='lat' dir='ltr'>SI</span> <span class='ocrx_word' id='word_1_5' title='bbox 1243 807 1498 854; x_wconf 75' lang='lat' dir='ltr'>POTVIT</span> <span class='ocrx_word' id='word_1_6' title='bbox 1537 807 1764 854; x_wconf 77' lang='lat' dir='ltr'>M-ANES</span> <span class='ocrx_word' id='word_1_7' title='bbox 1813 791 2043 854; x_wconf 81' lang='lat' dir='ltr'>nititur</span> <span class='ocrx_word' id='word_1_8' title='bbox 2080 791 2393 872; x_wconf 79' lang='lat' dir='ltr'>exemplis</span> <span class='ocrx_word' id='word_1_9' title='bbox 2432 811 2593 874; x_wconf 87' lang='lat' dir='ltr'>quae</span> <span class='ocrx_word' id='word_1_10' title='bbox 2632 789 2941 854; x_wconf 85' lang='lat' dir='ltr'>inferiora</span> <span class='ocrx_word' id='word_1_11' title='bbox 2990 793 3145 854; x_wconf 81' lang='lat' dir='ltr'>sunt</span> <span class='ocrx_word' id='word_1_12' title='bbox 3184 811 3303 872; x_wconf 89' lang='lat' dir='ltr'>per</span> 
     </span>
     <span class='ocr_line' id='line_1_3' title="bbox 745 893 3303 982; baseline -0.002 -16"><span class='ocrx_word' id='word_1_13' title='bbox 745 895 1324 982; x_wconf 75' lang='lat' dir='ltr'>comparationem,</span> <span class='ocrx_word' id='word_1_14' title='bbox 1383 899 1458 960; x_wconf 86' lang='lat' dir='ltr'>ut</span> <span class='ocrx_word' id='word_1_15' title='bbox 1501 897 1642 980; x_wconf 85' lang='lat' dir='ltr'>ipse</span> <span class='ocrx_word' id='word_1_16' title='bbox 1691 897 1981 962; x_wconf 84' lang='lat' dir='ltr'>videatur</span> <span class='ocrx_word' id='word_1_17' title='bbox 2028 895 2263 960; x_wconf 79' lang='lat' dir='ltr'>iustius</span> <span class='ocrx_word' id='word_1_18' title='bbox 2308 893 2473 960; x_wconf 83' lang='lat' dir='ltr'>velle</span> <span class='ocrx_word' id='word_1_19' title='bbox 2522 897 2931 962; x_wconf 77' lang='lat' dir='ltr'>descendere:</span> <span class='ocrx_word' id='word_1_20' title='bbox 2986 917 3143 960; x_wconf 87' lang='lat' dir='ltr'>nam</span> <span class='ocrx_word' id='word_1_21' title='bbox 3186 893 3303 960; x_wconf 90' lang='lat' dir='ltr'>Or-</span> 
     </span>
     <span class='ocr_line' id='line_1_4' title="bbox 745 1001 3299 1088; baseline 0 -22"><span class='ocrx_word' id='word_1_22' title='bbox 745 1005 952 1088; x_wconf 86' lang='lat' dir='ltr'>pheus</span> <span class='ocrx_word' id='word_1_23' title='bbox 995 1025 1296 1068; x_wconf 79' lang='lat' dir='ltr'>revocare</span> <span class='ocrx_word' id='word_1_24' title='bbox 1339 1007 1444 1066; x_wconf 80' lang='lat' dir='ltr'>est</span> <span class='ocrx_word' id='word_1_25' title='bbox 1489 1007 1758 1068; x_wconf 85' lang='lat' dir='ltr'>conatus</span> <span class='ocrx_word' id='word_1_26' title='bbox 1805 1023 2087 1086; x_wconf 83' lang='lat' dir='ltr'>uxorem,</span> <span class='ocrx_word' id='word_1_27' title='bbox 2134 1001 2237 1066; x_wconf 90' lang='lat' dir='ltr'>hic</span> <span class='ocrx_word' id='word_1_28' title='bbox 2286 1003 2427 1066; x_wconf 82' lang='lat' dir='ltr'>vult</span> <span class='ocrx_word' id='word_1_29' title='bbox 2470 1007 2727 1068; x_wconf 89' lang='lat' dir='ltr'>tantum</span> <span class='ocrx_word' id='word_1_30' title='bbox 2774 1007 3025 1088; x_wconf 85' lang='lat' dir='ltr'>patrem</span> <span class='ocrx_word' id='word_1_31' title='bbox 3068 1003 3299 1070; x_wconf 79' lang='lat' dir='ltr'>videre.</span> 
     </span>
     <span class='ocr_line' id='line_1_5' title="bbox 747 1109 3299 1194; baseline 0.001 -20"><span class='ocrx_word' id='word_1_32' title='bbox 747 1109 1042 1194; x_wconf 82' lang='lat' dir='ltr'>Orpheus</span> <span class='ocrx_word' id='word_1_33' title='bbox 1087 1115 1306 1174; x_wconf 87' lang='lat' dir='ltr'>autem</span> <span class='ocrx_word' id='word_1_34' title='bbox 1349 1109 1562 1174; x_wconf 84' lang='lat' dir='ltr'>voluit</span> <span class='ocrx_word' id='word_1_35' title='bbox 1603 1109 1989 1194; x_wconf 87' lang='lat' dir='ltr'>quibusdam</span> <span class='ocrx_word' id='word_1_36' title='bbox 2038 1109 2429 1174; x_wconf 80' lang='lat' dir='ltr'>carminibus</span> <span class='ocrx_word' id='word_1_37' title='bbox 2474 1111 2777 1176; x_wconf 82' lang='lat' dir='ltr'>reducere</span> <span class='ocrx_word' id='word_1_38' title='bbox 2818 1109 3105 1176; x_wconf 85' lang='lat' dir='ltr'>animam</span> <span class='ocrx_word' id='word_1_39' title='bbox 3152 1131 3299 1176; x_wconf 89' lang='lat' dir='ltr'>con-</span> 
     </span>
    </p>

    <p class='ocr_par' dir='ltr' id='par_1_3' title="bbox 679 1215 3299 1516">
     <span class='ocr_line' id='line_1_6' title="bbox 679 1215 3299 1302; baseline 0 -23"><span class='ocrx_word' id='word_1_40' title='bbox 679 1229 708 1278; x_wconf 76' lang='grc'>5</span> <span class='ocrx_word' id='word_1_41' title='bbox 745 1215 946 1302; x_wconf 83' lang='lat' dir='ltr'>iugis:</span> <span class='ocrx_word' id='word_1_42' title='bbox 991 1217 1166 1300; x_wconf 87' lang='lat' dir='ltr'>quod</span> <span class='ocrx_word' id='word_1_43' title='bbox 1213 1217 1364 1302; x_wconf 86' lang='lat' dir='ltr'>quia</span> <span class='ocrx_word' id='word_1_44' title='bbox 1403 1217 1672 1302; x_wconf 87' lang='lat' dir='ltr'>implere</span> <span class='ocrx_word' id='word_1_45' title='bbox 1711 1239 1844 1282; x_wconf 89' lang='lat' dir='ltr'>non</span> <span class='ocrx_word' id='word_1_46' title='bbox 1879 1217 2123 1300; x_wconf 84' lang='lat' dir='ltr'>potuit,</span> <span class='ocrx_word' id='word_1_47' title='bbox 2172 1239 2207 1280; x_wconf 89' lang='lat' dir='ltr'>a</span> <span class='ocrx_word' id='word_1_48' title='bbox 2246 1217 2453 1300; x_wconf 81' lang='lat' dir='ltr'>poetis</span> <span class='ocrx_word' id='word_1_49' title='bbox 2492 1217 2763 1300; x_wconf 84' lang='lat' dir='ltr'>fingitur</span> <span class='ocrx_word' id='word_1_50' title='bbox 2796 1221 3123 1302; x_wconf 74' lang='lat' dir='ltr'>receptam</span> <span class='ocrx_word' id='word_1_51' title='bbox 3168 1217 3299 1280; x_wconf 87' lang='lat' dir='ltr'>iam</span> 
     </span>
     <span class='ocr_line' id='line_1_7' title="bbox 747 1321 3299 1410; baseline 0 -22"><span class='ocrx_word' id='word_1_52' title='bbox 747 1323 1088 1408; x_wconf 78' lang='lat' dir='ltr'>coniugem</span> <span class='ocrx_word' id='word_1_53' title='bbox 1133 1323 1486 1408; x_wconf 83' lang='lat' dir='ltr'>perdidisse</span> <span class='ocrx_word' id='word_1_54' title='bbox 1527 1325 1686 1390; x_wconf 89' lang='lat' dir='ltr'>dura</span> <span class='ocrx_word' id='word_1_55' title='bbox 1727 1325 1872 1408; x_wconf 70' lang='lat' dir='ltr'>lege</span> <span class='ocrx_word' id='word_1_56' title='bbox 1911 1323 2237 1388; x_wconf 81' lang='lat' dir='ltr'>Plutonis:</span> <span class='ocrx_word' id='word_1_57' title='bbox 2288 1323 2453 1406; x_wconf 90' lang='lat' dir='ltr'>quod</span> <span class='ocrx_word' id='word_1_58' title='bbox 2494 1323 2691 1388; x_wconf 86' lang='lat' dir='ltr'>etiam</span> <span class='ocrx_word' id='word_1_59' title='bbox 2718 1321 3049 1410; x_wconf 79' lang='lat' dir='ltr'>Vergilius</span> <span class='ocrx_word' id='word_1_60' title='bbox 3088 1325 3299 1388; x_wconf 84' lang='lat' dir='ltr'>osten-</span> 
     </span>
     <span class='ocr_line' id='line_1_8' title="bbox 747 1429 2663 1516; baseline 0 -20"><span class='ocrx_word' id='word_1_61' title='bbox 747 1431 844 1502; x_wconf 87' lang='lat' dir='ltr'>dit</span> <span class='ocrx_word' id='word_1_62' title='bbox 891 1429 1158 1498; x_wconf 88' lang='lat' dir='ltr'>dicendo</span> <span class='ocrx_word' id='word_1_63' title='bbox 1201 1429 1600 1516; x_wconf 72' lang='lat' dir='ltr'>‘arcessere&#39;‚</span> <span class='ocrx_word' id='word_1_64' title='bbox 1651 1431 1820 1514; x_wconf 84' lang='lat' dir='ltr'>quod</span> <span class='ocrx_word' id='word_1_65' title='bbox 1867 1433 2193 1498; x_wconf 77' lang='lat' dir='ltr'>evocantis</span> <span class='ocrx_word' id='word_1_66' title='bbox 2242 1433 2339 1496; x_wconf 81' lang='lat' dir='ltr'>est</span> <span class='ocrx_word' id='word_1_67' title='bbox 2386 1429 2663 1514; x_wconf 84' lang='lat' dir='ltr'>proprie.</span> 
     </span>
    </p>

    <p class='ocr_par' dir='ltr' id='par_1_4' title="bbox 747 1537 3297 1728">
     <span class='ocr_line' id='line_1_9' title="bbox 929 1537 3295 1614; baseline 0 -10"><span class='ocrx_word' id='word_1_68' title='bbox 929 1539 1072 1604; x_wconf 78' lang='lat'><strong>120.</strong></span> <span class='ocrx_word' id='word_1_69' title='bbox 1143 1555 1570 1614; x_wconf 73' lang='lat' dir='ltr'><strong>FIDIBVSQVE</strong></span> <span class='ocrx_word' id='word_1_70' title='bbox 1619 1555 1918 1604; x_wconf 76' lang='lat' dir='ltr'><strong>OANORIS</strong></span> <span class='ocrx_word' id='word_1_71' title='bbox 1970 1539 2135 1604; x_wconf 88' lang='lat' dir='ltr'>bene</span> <span class='ocrx_word' id='word_1_72' title='bbox 2192 1537 2569 1604; x_wconf 73' lang='lat' dir='ltr'>sonantibus</span> <span class='ocrx_word' id='word_1_73' title='bbox 2628 1537 2903 1604; x_wconf 80' lang='lat' dir='ltr'>chordis.</span> <span class='ocrx_word' id='word_1_74' title='bbox 2996 1537 3295 1604; x_wconf 74' lang='lat' dir='ltr'>‘fidibus&#39;</span> 
     </span>
     <span class='ocr_line' id='line_1_10' title="bbox 747 1643 3297 1728; baseline -0.001 -18"><span class='ocrx_word' id='word_1_75' title='bbox 747 1647 962 1710; x_wconf 79' lang='lat' dir='ltr'>autem</span> <span class='ocrx_word' id='word_1_76' title='bbox 1011 1647 1108 1708; x_wconf 85' lang='lat' dir='ltr'>est</span> <span class='ocrx_word' id='word_1_77' title='bbox 1159 1667 1198 1710; x_wconf 86' lang='lat' dir='ltr'>a</span> <span class='ocrx_word' id='word_1_78' title='bbox 1239 1645 1646 1710; x_wconf 82' lang='lat' dir='ltr'>nominativo</span> <span class='ocrx_word' id='word_1_79' title='bbox 1693 1643 1890 1708; x_wconf 68' lang='lat' dir='ltr'>‘haec</span> <span class='ocrx_word' id='word_1_80' title='bbox 1933 1643 2077 1708; x_wconf 82' lang='lat' dir='ltr'>fidis</span> <span class='ocrx_word' id='word_1_81' title='bbox 2090 1643 2131 1728; x_wconf 78' lang='lat'>⁹,</span> <span class='ocrx_word' id='word_1_82' title='bbox 2176 1649 2249 1708; x_wconf 91' lang='lat' dir='ltr'>ut</span> <span class='ocrx_word' id='word_1_83' title='bbox 2294 1643 2383 1708; x_wconf 82' lang='lat' dir='ltr'>sit</span> <span class='ocrx_word' id='word_1_84' title='bbox 2424 1643 2815 1728; x_wconf 79' lang='lat' dir='ltr'>pyrrichius:</span> <span class='ocrx_word' id='word_1_85' title='bbox 2876 1665 3031 1706; x_wconf 88' lang='lat' dir='ltr'>nam</span> <span class='ocrx_word' id='word_1_86' title='bbox 3074 1643 3297 1708; x_wconf 73' lang='lat' dir='ltr'>‘fides&#39;</span> 
     </span>
    </p>

    <p class='ocr_par' dir='ltr' id='par_1_5' title="bbox 643 1751 1162 1830">
     <span class='ocr_line' id='line_1_11' title="bbox 643 1751 1162 1830; baseline 0 -16"><span class='ocrx_word' id='word_1_87' title='bbox 643 1765 708 1814; x_wconf 85' lang='grc'>10</span> <span class='ocrx_word' id='word_1_88' title='bbox 743 1751 996 1830; x_wconf 84' lang='lat' dir='ltr'>iambus</span> <span class='ocrx_word' id='word_1_89' title='bbox 1045 1753 1162 1816; x_wconf 81' lang='lat' dir='ltr'>est.</span> 
     </span>
    </p>

    <p class='ocr_par' dir='ltr' id='par_1_6' title="bbox 743 1857 3301 2264">
     <span class='ocr_line' id='line_1_12' title="bbox 929 1857 3297 1922; baseline 0 0"><span class='ocrx_word' id='word_1_90' title='bbox 929 1859 1070 1922; x_wconf 83' lang='lat'>121.</span> <span class='ocrx_word' id='word_1_91' title='bbox 1135 1875 1198 1922; x_wconf 78' lang='lat' dir='ltr'>SI</span> <span class='ocrx_word' id='word_1_92' title='bbox 1233 1875 1570 1922; x_wconf 76' lang='lat' dir='ltr'><strong>FRATREM</strong></span> <span class='ocrx_word' id='word_1_93' title='bbox 1593 1875 1878 1922; x_wconf 81' lang='lat' dir='ltr'><strong>POLLVX</strong></span> <span class='ocrx_word' id='word_1_94' title='bbox 1907 1873 2237 1922; x_wconf 78' lang='lat' dir='ltr'>ALTERNA</span> <span class='ocrx_word' id='word_1_95' title='bbox 2276 1875 2513 1922; x_wconf 80' lang='lat' dir='ltr'>MORTE</span> <span class='ocrx_word' id='word_1_96' title='bbox 2552 1875 2873 1922; x_wconf 80' lang='lat' dir='ltr'>REDEMIT</span> <span class='ocrx_word' id='word_1_97' title='bbox 2912 1861 2985 1922; x_wconf 83' lang='lat' dir='ltr'>ut</span> <span class='ocrx_word' id='word_1_98' title='bbox 3022 1857 3297 1922; x_wconf 76' lang='lat' dir='ltr'>diximus</span> 
     </span>
     <span class='ocr_line' id='line_1_13' title="bbox 745 1949 3299 2054; baseline -0.001 -22"><span class='ocrx_word' id='word_1_99' title='bbox 745 1987 944 2054; x_wconf 78' lang='lat' dir='ltr'>supra</span> <span class='ocrx_word' id='word_1_100' title='bbox 973 1949 1090 2048; x_wconf 86' lang='lat' dir='ltr'>&lt;II</span> <span class='ocrx_word' id='word_1_101' title='bbox 1141 1967 1338 2050; x_wconf 85' lang='lat'>601&gt;,</span> <span class='ocrx_word' id='word_1_102' title='bbox 1397 1963 1648 2028; x_wconf 86' lang='lat' dir='ltr'>Helena</span> <span class='ocrx_word' id='word_1_103' title='bbox 1693 1967 1760 2030; x_wconf 87' lang='lat' dir='ltr'>et</span> <span class='ocrx_word' id='word_1_104' title='bbox 1805 1963 2039 2030; x_wconf 82' lang='lat' dir='ltr'>Pollux</span> <span class='ocrx_word' id='word_1_105' title='bbox 2084 1963 2165 2028; x_wconf 92' lang='lat' dir='ltr'>de</span> <span class='ocrx_word' id='word_1_106' title='bbox 2206 1963 2361 2030; x_wconf 86' lang='lat' dir='ltr'>Iove</span> <span class='ocrx_word' id='word_1_107' title='bbox 2410 1965 2549 2028; x_wconf 87' lang='lat' dir='ltr'>nati</span> <span class='ocrx_word' id='word_1_108' title='bbox 2594 1965 2975 2030; x_wconf 79' lang='lat' dir='ltr'>inmortales</span> <span class='ocrx_word' id='word_1_109' title='bbox 3022 1965 3299 2050; x_wconf 80' lang='lat' dir='ltr'>fuerunt,</span> 
     </span>
     <span class='ocr_line' id='line_1_14' title="bbox 743 2069 3299 2156; baseline 0.001 -20"><span class='ocrx_word' id='word_1_110' title='bbox 743 2095 896 2136; x_wconf 88' lang='lat' dir='ltr'>nam</span> <span class='ocrx_word' id='word_1_111' title='bbox 935 2069 1168 2136; x_wconf 80' lang='lat' dir='ltr'>Castor</span> <span class='ocrx_word' id='word_1_112' title='bbox 1201 2073 1528 2156; x_wconf 80' lang='lat' dir='ltr'>Tyndarei</span> <span class='ocrx_word' id='word_1_113' title='bbox 1561 2071 1734 2136; x_wconf 82' lang='lat' dir='ltr'>filius</span> <span class='ocrx_word' id='word_1_114' title='bbox 1783 2071 1940 2136; x_wconf 82' lang='lat' dir='ltr'>fuit:</span> <span class='ocrx_word' id='word_1_115' title='bbox 1988 2069 2167 2136; x_wconf 82' lang='lat' dir='ltr'>cuius</span> <span class='ocrx_word' id='word_1_116' title='bbox 2214 2075 2489 2134; x_wconf 87' lang='lat' dir='ltr'>mortem</span> <span class='ocrx_word' id='word_1_117' title='bbox 2538 2093 2655 2136; x_wconf 82' lang='lat' dir='ltr'>suo</span> <span class='ocrx_word' id='word_1_118' title='bbox 2700 2071 2967 2136; x_wconf 84' lang='lat' dir='ltr'>interitu</span> <span class='ocrx_word' id='word_1_119' title='bbox 3014 2071 3299 2138; x_wconf 87' lang='lat' dir='ltr'>fraterna</span> 
     </span>
     <span class='ocr_line' id='line_1_15' title="bbox 743 2177 3301 2264; baseline 0.001 -24"><span class='ocrx_word' id='word_1_120' title='bbox 743 2179 952 2262; x_wconf 84' lang='lat' dir='ltr'>pietas</span> <span class='ocrx_word' id='word_1_121' title='bbox 985 2177 1278 2242; x_wconf 85' lang='lat' dir='ltr'>redemit.</span> <span class='ocrx_word' id='word_1_122' title='bbox 1345 2179 1522 2262; x_wconf 87' lang='lat' dir='ltr'>quod</span> <span class='ocrx_word' id='word_1_123' title='bbox 1557 2177 1700 2242; x_wconf 83' lang='lat' dir='ltr'>ideo</span> <span class='ocrx_word' id='word_1_124' title='bbox 1739 2179 2029 2262; x_wconf 81' lang='lat' dir='ltr'>fingitur,</span> <span class='ocrx_word' id='word_1_125' title='bbox 2074 2177 2229 2260; x_wconf 83' lang='lat' dir='ltr'>quia</span> <span class='ocrx_word' id='word_1_126' title='bbox 2266 2177 2497 2240; x_wconf 86' lang='lat' dir='ltr'>horum</span> <span class='ocrx_word' id='word_1_127' title='bbox 2536 2177 2895 2242; x_wconf 79' lang='lat' dir='ltr'>stellae.ita</span> <span class='ocrx_word' id='word_1_128' title='bbox 2930 2201 3001 2242; x_wconf 85' lang='lat' dir='ltr'>se</span> <span class='ocrx_word' id='word_1_129' title='bbox 3038 2177 3301 2264; x_wconf 77' lang='lat' dir='ltr'>habent,</span> 
     </span>
    </p>

    <p class='ocr_par' dir='ltr' id='par_1_7' title="bbox 641 2277 3299 2582">
     <span class='ocr_line' id='line_1_16' title="bbox 641 2277 3299 2370; baseline 0 -20"><span class='ocrx_word' id='word_1_130' title='bbox 641 2299 706 2350; x_wconf 85' lang='lat'>15</span> <span class='ocrx_word' id='word_1_131' title='bbox 745 2287 820 2348; x_wconf 88' lang='lat' dir='ltr'>ut</span> <span class='ocrx_word' id='word_1_132' title='bbox 863 2285 1192 2348; x_wconf 86' lang='lat' dir='ltr'>occidente</span> <span class='ocrx_word' id='word_1_133' title='bbox 1235 2307 1366 2348; x_wconf 85' lang='lat' dir='ltr'>una</span> <span class='ocrx_word' id='word_1_134' title='bbox 1417 2285 1662 2350; x_wconf 86' lang='lat' dir='ltr'>oriatur</span> <span class='ocrx_word' id='word_1_135' title='bbox 1681 2277 1684 2280; x_wconf 55' lang='grc'><strong><em>’</em></strong></span> <span class='ocrx_word' id='word_1_136' title='bbox 1705 2285 1930 2350; x_wconf 86' lang='lat' dir='ltr'>altera.</span> <span class='ocrx_word' id='word_1_137' title='bbox 2006 2287 2069 2348; x_wconf 80' lang='lat' dir='ltr'>et</span> <span class='ocrx_word' id='word_1_138' title='bbox 2116 2285 2275 2348; x_wconf 87' lang='lat' dir='ltr'>item</span> <span class='ocrx_word' id='word_1_139' title='bbox 2318 2285 2683 2368; x_wconf 80' lang='lat' dir='ltr'>exemplum</span> <span class='ocrx_word' id='word_1_140' title='bbox 2720 2309 2835 2370; x_wconf 88' lang='lat' dir='ltr'>per</span> <span class='ocrx_word' id='word_1_141' title='bbox 2876 2285 3299 2370; x_wconf 84' lang='lat' dir='ltr'>comparatio-</span> 
     </span>
     <span class='ocr_line' id='line_1_17' title="bbox 741 2391 3299 2476; baseline 0 -20"><span class='ocrx_word' id='word_1_142' title='bbox 741 2415 920 2456; x_wconf 88' lang='lat' dir='ltr'>nem:</span> <span class='ocrx_word' id='word_1_143' title='bbox 965 2391 1138 2474; x_wconf 87' lang='lat' dir='ltr'>quod</span> <span class='ocrx_word' id='word_1_144' title='bbox 1185 2391 1336 2474; x_wconf 88' lang='lat' dir='ltr'>quia</span> <span class='ocrx_word' id='word_1_145' title='bbox 1377 2391 1558 2474; x_wconf 89' lang='lat' dir='ltr'>pium</span> <span class='ocrx_word' id='word_1_146' title='bbox 1595 2393 1724 2474; x_wconf 81' lang='lat' dir='ltr'>est,</span> <span class='ocrx_word' id='word_1_147' title='bbox 1777 2413 1840 2456; x_wconf 88' lang='lat' dir='ltr'>se</span> <span class='ocrx_word' id='word_1_148' title='bbox 1881 2391 1961 2456; x_wconf 88' lang='lat' dir='ltr'>ad</span> <span class='ocrx_word' id='word_1_149' title='bbox 2000 2391 2431 2474; x_wconf 69' lang='lat' dir='ltr'>frequentiam</span> <span class='ocrx_word' id='word_1_150' title='bbox 2470 2391 2753 2456; x_wconf 80' lang='lat' dir='ltr'>contulit</span> <span class='ocrx_word' id='word_1_151' title='bbox 2788 2393 3057 2456; x_wconf 87' lang='lat' dir='ltr'>dicendo</span> <span class='ocrx_word' id='word_1_152' title='bbox 3098 2391 3299 2476; x_wconf 75' lang='lat' dir='ltr'>‘itque</span> 
     </span>
     <span class='ocr_line' id='line_1_18' title="bbox 741 2491 2643 2582; baseline 0 -20"><span class='ocrx_word' id='word_1_153' title='bbox 741 2497 1036 2582; x_wconf 88' lang='lat' dir='ltr'>reditque</span> <span class='ocrx_word' id='word_1_154' title='bbox 1079 2497 1254 2562; x_wconf 81' lang='lat' dir='ltr'>viam</span> <span class='ocrx_word' id='word_1_155' title='bbox 1301 2497 1588 2564; x_wconf 81' lang='lat' dir='ltr'>totiens&#39;.</span> <span class='ocrx_word' id='word_1_156' title='bbox 2270 2569 2275 2574; x_wconf 21' lang='lat'><em>⁶</em></span> <span class='ocrx_word' id='word_1_157' title='bbox 2636 2491 2643 2498; x_wconf 71' lang='grc'><strong>’</strong></span> 
     </span>
    </p>

    <p class='ocr_par' dir='ltr' id='par_1_8' title="bbox 713 2605 3333 2798">
     <span class='ocr_line' id='line_1_19' title="bbox 925 2605 3299 2690; baseline 0 -20"><span class='ocrx_word' id='word_1_158' title='bbox 925 2605 1070 2670; x_wconf 82' lang='grc'><strong>122.</strong></span> <span class='ocrx_word' id='word_1_159' title='bbox 1145 2623 1318 2684; x_wconf 77' lang='lat' dir='ltr'><strong>QVID</strong></span> <span class='ocrx_word' id='word_1_160' title='bbox 1367 2623 1646 2684; x_wconf 78' lang='lat' dir='ltr'>THESEA</span> <span class='ocrx_word' id='word_1_161' title='bbox 1691 2605 1924 2670; x_wconf 83' lang='lat' dir='ltr'>durum</span> <span class='ocrx_word' id='word_1_162' title='bbox 1968 2605 2361 2690; x_wconf 76' lang='lat' dir='ltr'>exemplum,</span> <span class='ocrx_word' id='word_1_163' title='bbox 2408 2607 2573 2670; x_wconf 89' lang='lat' dir='ltr'>unde</span> <span class='ocrx_word' id='word_1_164' title='bbox 2620 2627 2737 2672; x_wconf 85' lang='lat' dir='ltr'>nec</span> <span class='ocrx_word' id='word_1_165' title='bbox 2784 2607 3149 2672; x_wconf 81' lang='lat' dir='ltr'>inmoratus</span> <span class='ocrx_word' id='word_1_166' title='bbox 3194 2609 3299 2672; x_wconf 79' lang='lat' dir='ltr'>est</span> 
     </span>
     <span class='ocr_line' id='line_1_20' title="bbox 713 2707 3333 2798; baseline 0 -20"><span class='ocrx_word' id='word_1_167' title='bbox 713 2713 810 2788; x_wconf 63' lang='lat' dir='ltr'>,in</span> <span class='ocrx_word' id='word_1_168' title='bbox 855 2735 950 2780; x_wconf 88' lang='lat' dir='ltr'>eo.</span> <span class='ocrx_word' id='word_1_169' title='bbox 1041 2711 1198 2776; x_wconf 83' lang='lat' dir='ltr'>dicit</span> <span class='ocrx_word' id='word_1_170' title='bbox 1243 2715 1462 2778; x_wconf 83' lang='lat' dir='ltr'>autem</span> <span class='ocrx_word' id='word_1_171' title='bbox 1507 2711 1746 2778; x_wconf 78' lang='lat' dir='ltr'>inferos</span> <span class='ocrx_word' id='word_1_172' title='bbox 1793 2713 2025 2778; x_wconf 79' lang='lat' dir='ltr'>&#39;debere</span> <span class='ocrx_word' id='word_1_173' title='bbox 2066 2717 2293 2796; x_wconf 87' lang='lat' dir='ltr'>patere</span> <span class='ocrx_word' id='word_1_174' title='bbox 2336 2713 2591 2798; x_wconf 79' lang='lat' dir='ltr'>pietati,</span> <span class='ocrx_word' id='word_1_175' title='bbox 2652 2713 2763 2796; x_wconf 90' lang='lat' dir='ltr'>qui</span> <span class='ocrx_word' id='word_1_176' title='bbox 2804 2717 3157 2796; x_wconf 86' lang='lat' dir='ltr'>patuerunt</span> <span class='ocrx_word' id='word_1_177' title='bbox 3200 2713 3297 2778; x_wconf 84' lang='lat' dir='ltr'>in·</span> <span class='ocrx_word' id='word_1_178' title='bbox 3330 2707 3333 2710; x_wconf 38' lang='lat'><strong>⁴</strong></span> 
     </span>
    </p>

    <p class='ocr_par' dir='ltr' id='par_1_9' title="bbox 631 2819 3297 3116">
     <span class='ocr_line' id='line_1_21' title="bbox 635 2819 3297 2906; baseline 0 -22"><span class='ocrx_word' id='word_1_179' title='bbox 635 2833 704 2884; x_wconf 82' lang='grc' dir='ltr'>2ο</span> <span class='ocrx_word' id='word_1_180' title='bbox 741 2819 942 2884; x_wconf 86' lang='lat' dir='ltr'>fanda</span> <span class='ocrx_word' id='word_1_181' title='bbox 985 2819 1300 2902; x_wconf 80' lang='lat' dir='ltr'>cupienti:</span> <span class='ocrx_word' id='word_1_182' title='bbox 1343 2843 1498 2884; x_wconf 84' lang='lat' dir='ltr'>nam</span> <span class='ocrx_word' id='word_1_183' title='bbox 1545 2819 1650 2884; x_wconf 90' lang='lat' dir='ltr'>hic</span> <span class='ocrx_word' id='word_1_184' title='bbox 1695 2819 1780 2884; x_wconf 86' lang='lat' dir='ltr'>ad</span> <span class='ocrx_word' id='word_1_185' title='bbox 1821 2819 2199 2906; x_wconf 81' lang='lat' dir='ltr'>rapiendam</span> <span class='ocrx_word' id='word_1_186' title='bbox 2238 2819 2691 2906; x_wconf 85' lang='lat' dir='ltr'>Proserpinam</span> <span class='ocrx_word' id='word_1_187' title='bbox 2740 2821 2905 2886; x_wconf 87' lang='lat' dir='ltr'>ierat</span> <span class='ocrx_word' id='word_1_188' title='bbox 2950 2841 3095 2884; x_wconf 87' lang='lat' dir='ltr'>eum</span> <span class='ocrx_word' id='word_1_189' title='bbox 3134 2819 3297 2884; x_wconf 87' lang='lat' dir='ltr'>Piri-</span> 
     </span>
     <span class='ocr_line' id='line_1_22' title="bbox 741 2925 3295 3012; baseline 0 -22"><span class='ocrx_word' id='word_1_190' title='bbox 741 2925 900 2992; x_wconf 83' lang='lat' dir='ltr'>thoo</span> <span class='ocrx_word' id='word_1_191' title='bbox 947 2929 1012 2990; x_wconf 83' lang='lat' dir='ltr'>et</span> <span class='ocrx_word' id='word_1_192' title='bbox 1057 2925 1192 2992; x_wconf 86' lang='lat' dir='ltr'>illic</span> <span class='ocrx_word' id='word_1_193' title='bbox 1233 2929 1530 2990; x_wconf 83' lang='lat' dir='ltr'>retentus</span> <span class='ocrx_word' id='word_1_194' title='bbox 1585 2925 1708 2990; x_wconf 86' lang='lat' dir='ltr'>luit</span> <span class='ocrx_word' id='word_1_195' title='bbox 1763 2947 2033 3012; x_wconf 67' lang='lat' dir='ltr'>poenae,</span> <span class='ocrx_word' id='word_1_196' title='bbox 2092 2929 2167 2990; x_wconf 84' lang='lat' dir='ltr'>ut</span> <span class='ocrx_word' id='word_1_197' title='bbox 2210 2925 2427 3010; x_wconf 82' lang='lat'>&lt;617&gt;</span> <span class='ocrx_word' id='word_1_198' title='bbox 2476 2927 2687 2990; x_wconf 82' lang='lat' dir='ltr'>sedet</span> <span class='ocrx_word' id='word_1_199' title='bbox 2744 2931 3295 3010; x_wconf 86' lang='lat' dir='ltr'>aeternumque</span> 
     </span>
     <span class='ocr_line' id='line_1_23' title="bbox 631 3031 1782 3116; baseline 0 -18"><span class='ocrx_word' id='word_1_200' title='bbox 631 3107 646 3116; x_wconf 52' lang='lat'>‚</span> <span class='ocrx_word' id='word_1_201' title='bbox 743 3033 1050 3098; x_wconf 77' lang='lat' dir='ltr'>sedebit</span> <span class='ocrx_word' id='word_1_202' title='bbox 1089 3031 1378 3098; x_wconf 80' lang='lat' dir='ltr'>infelix</span> <span class='ocrx_word' id='word_1_203' title='bbox 1423 3031 1782 3098; x_wconf 51' lang='lat' dir='ltr'>Theseu&amp;</span> 
     </span>
    </p>

    <p class='ocr_par' dir='ltr' id='par_1_10' title="bbox 925 3139 3295 3224">
     <span class='ocr_line' id='line_1_24' title="bbox 925 3139 3295 3224; baseline -0.001 -20"><span class='ocrx_word' id='word_1_204' title='bbox 925 3141 1068 3204; x_wconf 79' lang='lat'>123.</span> <span class='ocrx_word' id='word_1_205' title='bbox 1131 3157 1432 3206; x_wconf 69' lang='lat' dir='ltr'><strong>MAGNVM</strong></span> <span class='ocrx_word' id='word_1_206' title='bbox 1471 3157 1646 3218; x_wconf 76' lang='lat' dir='ltr'>Qvu)</span> <span class='ocrx_word' id='word_1_207' title='bbox 1683 3157 2033 3206; x_wconf 78' lang='lat' dir='ltr'><strong>MEMOREM</strong></span> <span class='ocrx_word' id='word_1_208' title='bbox 2066 3141 2419 3206; x_wconf 76' lang='lat' dir='ltr'>ALCIDEN‘?</span> <span class='ocrx_word' id='word_1_209' title='bbox 2454 3139 2683 3204; x_wconf 84' lang='lat' dir='ltr'>melius</span> <span class='ocrx_word' id='word_1_210' title='bbox 2724 3139 2815 3204; x_wconf 83' lang='lat' dir='ltr'>sie</span> <span class='ocrx_word' id='word_1_211' title='bbox 2856 3139 3295 3224; x_wconf 73' lang='lat' dir='ltr'>distinguitur,</span> 
     </span>
    </p>

    <p class='ocr_par' dir='ltr' id='par_1_11' title="bbox 633 3245 3295 3546">
     <span class='ocr_line' id='line_1_25' title="bbox 737 3245 3295 3332; baseline -0.001 -22"><span class='ocrx_word' id='word_1_212' title='bbox 737 3245 898 3312; x_wconf 85' lang='lat' dir='ltr'>licet</span> <span class='ocrx_word' id='word_1_213' title='bbox 949 3245 1210 3332; x_wconf 85' lang='lat' dir='ltr'>quidam</span> <span class='ocrx_word' id='word_1_214' title='bbox 1267 3249 1494 3332; x_wconf 81' lang='lat' dir='ltr'>legant</span> <span class='ocrx_word' id='word_1_215' title='bbox 1539 3245 1724 3332; x_wconf 74' lang='lat' dir='ltr'>‘quid</span> <span class='ocrx_word' id='word_1_216' title='bbox 1775 3245 2023 3312; x_wconf 84' lang='lat' dir='ltr'>Thesea</span> <span class='ocrx_word' id='word_1_217' title='bbox 2070 3245 2429 3332; x_wconf 79' lang='lat' dir='ltr'>magnum&#39;‚</span> <span class='ocrx_word' id='word_1_218' title='bbox 2490 3251 2589 3314; x_wconf 69' lang='lat' dir='ltr'>ut,</span> <span class='ocrx_word' id='word_1_219' title='bbox 2620 3245 2953 3328; x_wconf 72' lang='lat' dir='ltr'>epitheton</span> <span class='ocrx_word' id='word_1_220' title='bbox 3012 3245 3069 3310; x_wconf 87' lang='lat' dir='ltr'>ei</span> <span class='ocrx_word' id='word_1_221' title='bbox 3126 3245 3295 3326; x_wconf 84' lang='lat' dir='ltr'>dent,</span> 
     </span>
     <span class='ocr_line' id='line_1_26' title="bbox 633 3353 3293 3440; baseline 0 -24"><span class='ocrx_word' id='word_1_222' title='bbox 633 3367 702 3416; x_wconf 82' lang='lat'>25</span> <span class='ocrx_word' id='word_1_223' title='bbox 743 3353 856 3438; x_wconf 87' lang='lat' dir='ltr'>qui</span> <span class='ocrx_word' id='word_1_224' title='bbox 919 3375 1034 3436; x_wconf 88' lang='lat' dir='ltr'>per</span> <span class='ocrx_word' id='word_1_225' title='bbox 1085 3377 1156 3418; x_wconf 80' lang='lat' dir='ltr'>se</span> <span class='ocrx_word' id='word_1_226' title='bbox 1209 3377 1342 3420; x_wconf 89' lang='lat' dir='ltr'>non</span> <span class='ocrx_word' id='word_1_227' title='bbox 1403 3359 1500 3418; x_wconf 83' lang='lat' dir='ltr'>est</span> <span class='ocrx_word' id='word_1_228' title='bbox 1553 3375 1858 3440; x_wconf 84' lang='lat' dir='ltr'>magnus:</span> <span class='ocrx_word' id='word_1_229' title='bbox 1921 3377 2075 3420; x_wconf 85' lang='lat' dir='ltr'>nam</span> <span class='ocrx_word' id='word_1_230' title='bbox 2132 3353 2477 3418; x_wconf 85' lang='lat' dir='ltr'>Herculem</span> <span class='ocrx_word' id='word_1_231' title='bbox 2542 3353 2741 3418; x_wconf 86' lang='lat' dir='ltr'>etiam</span> <span class='ocrx_word' id='word_1_232' title='bbox 2804 3353 2941 3418; x_wconf 86' lang='lat' dir='ltr'>sine</span> <span class='ocrx_word' id='word_1_233' title='bbox 3010 3353 3293 3436; x_wconf 85' lang='lat' dir='ltr'>epitheto</span> 
     </span>
     <span class='ocr_line' id='line_1_27' title="bbox 739 3459 3293 3546; baseline 0 -22"><span class='ocrx_word' id='word_1_234' title='bbox 739 3481 1054 3544; x_wconf 77' lang='lat' dir='ltr'>magnum</span> <span class='ocrx_word' id='word_1_235' title='bbox 1087 3461 1548 3544; x_wconf 77' lang='lat' dir='ltr'>intellegimus,</span> <span class='ocrx_word' id='word_1_236' title='bbox 1621 3459 1732 3524; x_wconf 82' lang='lat' dir='ltr'>sed</span> <span class='ocrx_word' id='word_1_237' title='bbox 1771 3461 2001 3524; x_wconf 83' lang='lat' dir='ltr'>melius</span> <span class='ocrx_word' id='word_1_238' title='bbox 2042 3465 2141 3524; x_wconf 80' lang='lat' dir='ltr'>est</span> <span class='ocrx_word' id='word_1_239' title='bbox 2178 3459 2555 3546; x_wconf 73' lang='lat' dir='ltr'>‘magnum&#39;</span> <span class='ocrx_word' id='word_1_240' title='bbox 2594 3461 2745 3524; x_wconf 88' lang='lat' dir='ltr'>dare</span> <span class='ocrx_word' id='word_1_241' title='bbox 2780 3459 3063 3544; x_wconf 82' lang='lat' dir='ltr'>Herculi,</span> <span class='ocrx_word' id='word_1_242' title='bbox 3102 3481 3293 3542; x_wconf 86' lang='lat' dir='ltr'>quam</span> 
     </span>
    </p>
   </div>
   <div class='ocr_carea' id='block_1_3' title="bbox 737 3587 1164 3596">
    <p class='ocr_par' dir='ltr' id='par_1_12' title="bbox 737 3587 1164 3596">
     <span class='ocr_line' id='line_1_28' title="bbox 737 3587 1164 3596; baseline 0 2188"><span class='ocrx_word' id='word_1_243' title='bbox 737 3587 1164 3596; x_wconf 95' lang='lat' dir='ltr'> </span> 
     </span>
    </p>
   </div>
   <div class='ocr_carea' id='block_1_4' title="bbox 739 3633 3293 3832">
    <p class='ocr_par' dir='ltr' id='par_1_13' title="bbox 739 3633 3293 3832">
     <span class='ocr_line' id='line_1_29' title="bbox 887 3633 3293 3714; baseline -0.001 -24"><span class='ocrx_word' id='word_1_244' title='bbox 887 3643 914 3690; x_wconf 90' lang='lat'><strong>1</strong></span> <span class='ocrx_word' id='word_1_245' title='bbox 953 3635 1156 3690; x_wconf 78' lang='lat' dir='ltr'>nititur</span> <span class='ocrx_word' id='word_1_246' title='bbox 1191 3635 1462 3704; x_wconf 74' lang='lat' dir='ltr'>exemplis</span> <span class='ocrx_word' id='word_1_247' title='bbox 1503 3653 1630 3702; x_wconf 41' lang='lat' dir='ltr'>esq.</span> <span class='ocrx_word' id='word_1_248' title='bbox 1663 3635 1728 3704; x_wconf 73' lang='grc'>0.]</span> <span class='ocrx_word' id='word_1_249' title='bbox 1747 3633 1838 3694; x_wconf 65' lang='grc'><strong>,.01“.</strong></span> <span class='ocrx_word' id='word_1_250' title='bbox 1879 3633 2127 3690; x_wconf 83' lang='lat' dir='ltr'>Macrob.</span> <span class='ocrx_word' id='word_1_251' title='bbox 2158 3635 2273 3690; x_wconf 85' lang='lat' dir='ltr'>Sat.</span> <span class='ocrx_word' id='word_1_252' title='bbox 2300 3635 2381 3688; x_wconf 89' lang='lat' dir='ltr'>IV</span> <span class='ocrx_word' id='word_1_253' title='bbox 2406 3639 2457 3700; x_wconf 85' lang='lat'>5,</span> <span class='ocrx_word' id='word_1_254' title='bbox 2494 3641 2521 3688; x_wconf 94' lang='lat'>1</span> <span class='ocrx_word' id='word_1_255' title='bbox 2548 3635 2715 3714; x_wconf 73' lang='lat' dir='ltr'>sqq.jl</span> <span class='ocrx_word' id='word_1_256' title='bbox 2752 3639 2785 3686; x_wconf 86' lang='lat'>4</span> <span class='ocrx_word' id='word_1_257' title='bbox 2812 3635 3069 3704; x_wconf 80' lang='lat' dir='ltr'>Orpheus</span> <span class='ocrx_word' id='word_1_258' title='bbox 3098 3635 3293 3690; x_wconf 86' lang='lat' dir='ltr'>autem</span> 
     </span>
     <span class='ocr_line' id='line_1_30' title="bbox 739 3705 3291 3832; baseline -0.002 -68"><span class='ocrx_word' id='word_1_259' title='bbox 739 3747 798 3830; x_wconf 76' lang='lat' dir='ltr'>.L.</span> <span class='ocrx_word' id='word_1_260' title='bbox 829 3707 1130 3832; x_wconf 54' lang='lat' dir='ltr'>’tprssfrie]</span> <span class='ocrx_word' id='word_1_261' title='bbox 1165 3721 1366 3832; x_wconf 38' lang='lat' dir='ltr'>{ligatu}</span> <span class='ocrx_word' id='word_1_262' title='bbox 1391 3705 1788 3830; x_wconf 41' lang='lat' dir='ltr'>ffssffffr&#39;lgff</span> <span class='ocrx_word' id='word_1_263' title='bbox 1821 3711 1874 3774; x_wconf 86' lang='lat'>8,</span> <span class='ocrx_word' id='word_1_264' title='bbox 1911 3709 1977 3758; x_wconf 83' lang='lat'>21</span> <span class='ocrx_word' id='word_1_265' title='bbox 2036 3707 2057 3776; x_wconf 79' lang='grc' dir='ltr'>ΙΙ</span> <span class='ocrx_word' id='word_1_266' title='bbox 2114 3713 2177 3760; x_wconf 92' lang='grc'>12</span> <span class='ocrx_word' id='word_1_267' title='bbox 2214 3705 2429 3758; x_wconf 88' lang='lat' dir='ltr'>Helena</span> <span class='ocrx_word' id='word_1_268' title='bbox 2468 3749 2481 3758; x_wconf 92' lang='lat'><em>.</em></span> <span class='ocrx_word' id='word_1_269' title='bbox 2514 3745 2525 3758; x_wconf 95' lang='lat'><strong>.</strong></span> <span class='ocrx_word' id='word_1_270' title='bbox 2556 3747 2567 3760; x_wconf 91' lang='lat'><strong>.</strong></span> <span class='ocrx_word' id='word_1_271' title='bbox 2610 3705 2819 3758; x_wconf 79' lang='lat' dir='ltr'>oriatur</span> <span class='ocrx_word' id='word_1_272' title='bbox 2858 3705 3063 3776; x_wconf 82' lang='lat' dir='ltr'>altera]</span> <span class='ocrx_word' id='word_1_273' title='bbox 3122 3723 3291 3760; x_wconf 79' lang='lat' dir='ltr'>exscr.</span> 
     </span>
     <span class='ocr_line' id='line_1_31' title="bbox 787 3793 1560 3832; baseline 0 -2"><span class='ocrx_word' id='word_1_274' title='bbox 787 3795 856 3830; x_wconf 87' lang='lat' dir='ltr'>uc</span> <span class='ocrx_word' id='word_1_275' title='bbox 887 3821 900 3832; x_wconf 90' lang='lat'><strong>.</strong></span> <span class='ocrx_word' id='word_1_276' title='bbox 1007 3793 1086 3832; x_wconf 82' lang='lat' dir='ltr'>ac.</span> <span class='ocrx_word' id='word_1_277' title='bbox 1127 3793 1162 3830; x_wconf 88' lang='lat' dir='ltr'>a</span> <span class='ocrx_word' id='word_1_278' title='bbox 1305 3793 1338 3830; x_wconf 92' lang='lat' dir='ltr'>a</span> <span class='ocrx_word' id='word_1_279' title='bbox 1369 3819 1382 3830; x_wconf 92' lang='lat'><strong>.</strong></span> <span class='ocrx_word' id='word_1_280' title='bbox 1471 3795 1502 3830; x_wconf 92' lang='lat' dir='ltr'>c</span> <span class='ocrx_word' id='word_1_281' title='bbox 1545 3815 1560 3830; x_wconf 87' lang='lat'><strong>.</strong></span> 
     </span>
    </p>
   </div>
   <div class='ocr_carea' id='block_1_5' title="bbox 735 3887 1166 3896">
    <p class='ocr_par' dir='ltr' id='par_1_14' title="bbox 735 3887 1166 3896">
     <span class='ocr_line' id='line_1_32' title="bbox 735 3887 1166 3896; baseline 0 1888"><span class='ocrx_word' id='word_1_282' title='bbox 735 3887 1166 3896; x_wconf 95' lang='lat' dir='ltr'> </span> 
     </span>
    </p>
   </div>
   <div class='ocr_carea' id='block_1_6' title="bbox 621 3933 3295 5150">
    <p class='ocr_par' dir='ltr' id='par_1_15' title="bbox 621 3933 3295 5150">
     <span class='ocr_line' id='line_1_33' title="bbox 739 3933 3293 4007; baseline -0.001 -15"><span class='ocrx_word' id='word_1_283' title='bbox 739 3953 846 4006; x_wconf 87' lang='lat' dir='ltr'>que</span> <span class='ocrx_word' id='word_1_284' title='bbox 885 3939 1126 3992; x_wconf 77' lang='lat' dir='ltr'>Hecates</span> <span class='ocrx_word' id='word_1_285' title='bbox 1165 3953 1294 4006; x_wconf 77' lang='lat' dir='ltr'>pars</span> <span class='ocrx_word' id='word_1_286' title='bbox 1331 3935 1536 3992; x_wconf 79' lang='lat' dir='ltr'>ultima</span> <span class='ocrx_word' id='word_1_287' title='bbox 1569 3939 1906 4006; x_wconf 70' lang='lat' dir='ltr'>exmplaria</span> <span class='ocrx_word' id='word_1_288' title='bbox 1939 3935 2167 3992; x_wconf 73' lang='lat' dir='ltr'>Lucani</span> <span class='ocrx_word' id='word_1_289' title='bbox 2198 3938 2219 4007; x_wconf 92' lang='grc' dir='ltr'>ΙΙ</span> <span class='ocrx_word' id='word_1_290' title='bbox 2264 3939 2489 3992; x_wconf 76' lang='lat' dir='ltr'>nostrae</span> <span class='ocrx_word' id='word_1_291' title='bbox 2526 3953 2627 3990; x_wconf 77' lang='lat' dir='ltr'>om,</span> <span class='ocrx_word' id='word_1_292' title='bbox 2664 3933 2783 3990; x_wconf 77' lang='lat' dir='ltr'>FO</span> <span class='ocrx_word' id='word_1_293' title='bbox 2810 3935 2831 4004; x_wconf 92' lang='grc' dir='ltr'>ΙΙ</span> <span class='ocrx_word' id='word_1_294' title='bbox 2874 3937 3125 4006; x_wconf 77' lang='lat' dir='ltr'>nostrae]</span> <span class='ocrx_word' id='word_1_295' title='bbox 3160 3937 3293 4004; x_wconf 79' lang='lat' dir='ltr'>post</span> 
     </span>
     <span class='ocr_line' id='line_1_34' title="bbox 739 4007 3293 4092; baseline -0.001 -30"><span class='ocrx_word' id='word_1_296' title='bbox 739 4011 976 4064; x_wconf 85' lang='lat' dir='ltr'>mortem</span> <span class='ocrx_word' id='word_1_297' title='bbox 1015 4007 1164 4064; x_wconf 87' lang='lat' dir='ltr'>enim</span> <span class='ocrx_word' id='word_1_298' title='bbox 1197 4007 1288 4062; x_wconf 87' lang='lat' dir='ltr'>illi</span> <span class='ocrx_word' id='word_1_299' title='bbox 1323 4009 1546 4064; x_wconf 84' lang='lat' dir='ltr'>animae</span> <span class='ocrx_word' id='word_1_300' title='bbox 1583 4007 1858 4064; x_wconf 83' lang='lat' dir='ltr'>debentur</span> <span class='ocrx_word' id='word_1_301' title='bbox 1895 4009 2023 4064; x_wconf 78' lang='lat' dir='ltr'>add.</span> <span class='ocrx_word' id='word_1_302' title='bbox 2052 4011 2167 4078; x_wconf 81' lang='grc' dir='ltr'>ΜΙΙ</span> <span class='ocrx_word' id='word_1_303' title='bbox 2198 4015 2225 4064; x_wconf 97' lang='grc'>1</span> <span class='ocrx_word' id='word_1_304' title='bbox 2264 4009 2457 4092; x_wconf 66' lang='lat' dir='ltr'>muas]</span> <span class='ocrx_word' id='word_1_305' title='bbox 2498 4027 2543 4062; x_wconf 78' lang='lat' dir='ltr'>A.</span> <span class='ocrx_word' id='word_1_306' title='bbox 2586 4027 2633 4062; x_wconf 87' lang='grc'>0.</span> <span class='ocrx_word' id='word_1_307' title='bbox 2672 4025 2719 4060; x_wconf 92' lang='grc' dir='ltr'><strong>ο.</strong></span> <span class='ocrx_word' id='word_1_308' title='bbox 2762 4009 2889 4064; x_wconf 79' lang='lat' dir='ltr'>add.</span> <span class='ocrx_word' id='word_1_309' title='bbox 2920 4007 2997 4060; x_wconf 87' lang='lat' dir='ltr'><em>M</em></span> <span class='ocrx_word' id='word_1_310' title='bbox 3020 4007 3099 4074; x_wconf 79' lang='grc'>112</span> <span class='ocrx_word' id='word_1_311' title='bbox 3136 4007 3293 4060; x_wconf 80' lang='lat' dir='ltr'>iusti-</span> 
     </span>
     <span class='ocr_line' id='line_1_35' title="bbox 737 4077 3293 4150; baseline -0.002 -14"><span class='ocrx_word' id='word_1_312' title='bbox 737 4079 850 4136; x_wconf 78' lang='lat' dir='ltr'>tius</span> <span class='ocrx_word' id='word_1_313' title='bbox 881 4079 1000 4134; x_wconf 76' lang='lat' dir='ltr'>FG&#39;</span> <span class='ocrx_word' id='word_1_314' title='bbox 1055 4079 1232 4134; x_wconf 79' lang='lat' dir='ltr'>iustus</span> <span class='ocrx_word' id='word_1_315' title='bbox 1261 4081 1312 4132; x_wconf 89' lang='lat' dir='ltr'><strong><em>A</em></strong></span> <span class='ocrx_word' id='word_1_316' title='bbox 1353 4083 1512 4148; x_wconf 81' lang='lat' dir='ltr'>(corr.</span> <span class='ocrx_word' id='word_1_317' title='bbox 1543 4079 1598 4148; x_wconf 84' lang='lat' dir='ltr'>a)</span> <span class='ocrx_word' id='word_1_318' title='bbox 1627 4081 1648 4148; x_wconf 94' lang='grc' dir='ltr'>ΙΙ</span> <span class='ocrx_word' id='word_1_319' title='bbox 1673 4079 2001 4136; x_wconf 82' lang='lat' dir='ltr'>discendere</span> <span class='ocrx_word' id='word_1_320' title='bbox 2028 4079 2203 4134; x_wconf 78' lang='lat' dir='ltr'>FGO</span> <span class='ocrx_word' id='word_1_321' title='bbox 2224 4083 2247 4148; x_wconf 80' lang='grc' dir='ltr'>ΙΙ</span> <span class='ocrx_word' id='word_1_322' title='bbox 2272 4085 2303 4132; x_wconf 87' lang='grc'>4</span> <span class='ocrx_word' id='word_1_323' title='bbox 2332 4079 2587 4150; x_wconf 75' lang='lat' dir='ltr'>camugis</span> <span class='ocrx_word' id='word_1_324' title='bbox 2618 4077 2671 4130; x_wconf 82' lang='lat' dir='ltr'><strong><em>A</em></strong></span> <span class='ocrx_word' id='word_1_325' title='bbox 2712 4079 2871 4148; x_wconf 74' lang='lat' dir='ltr'>(corr.</span> <span class='ocrx_word' id='word_1_326' title='bbox 2900 4079 2957 4148; x_wconf 87' lang='lat' dir='ltr'>a)</span> <span class='ocrx_word' id='word_1_327' title='bbox 2986 4079 3007 4148; x_wconf 80' lang='grc' dir='ltr'>ΙΙ</span> <span class='ocrx_word' id='word_1_328' title='bbox 3032 4081 3065 4130; x_wconf 83' lang='grc'>5</span> <span class='ocrx_word' id='word_1_329' title='bbox 3100 4079 3293 4146; x_wconf 85' lang='lat' dir='ltr'>potue-</span> 
     </span>
     <span class='ocr_line' id='line_1_36' title="bbox 739 4149 3293 4220; baseline -0.001 -16"><span class='ocrx_word' id='word_1_330' title='bbox 739 4151 814 4204; x_wconf 85' lang='lat' dir='ltr'>rit</span> <span class='ocrx_word' id='word_1_331' title='bbox 849 4151 912 4204; x_wconf 81' lang='lat' dir='ltr'><strong><em>F</em></strong></span> <span class='ocrx_word' id='word_1_332' title='bbox 959 4151 1174 4220; x_wconf 82' lang='lat' dir='ltr'>poterit</span> <span class='ocrx_word' id='word_1_333' title='bbox 1207 4151 1260 4204; x_wconf 76' lang='lat' dir='ltr'><em>G</em></span> <span class='ocrx_word' id='word_1_334' title='bbox 1291 4152 1312 4219; x_wconf 79' lang='grc' dir='ltr'>ΙΙ</span> <span class='ocrx_word' id='word_1_335' title='bbox 1359 4157 1392 4206; x_wconf 86' lang='grc'><strong>6</strong></span> <span class='ocrx_word' id='word_1_336' title='bbox 1431 4151 1764 4218; x_wconf 78' lang='lat' dir='ltr'>coniungein</span> <span class='ocrx_word' id='word_1_337' title='bbox 1799 4151 1868 4204; x_wconf 82' lang='lat' dir='ltr'><em>H</em></span> <span class='ocrx_word' id='word_1_338' title='bbox 1887 4153 1906 4218; x_wconf 78' lang='lat' dir='ltr'>ll</span> <span class='ocrx_word' id='word_1_339' title='bbox 1945 4151 2191 4220; x_wconf 84' lang='lat' dir='ltr'>platonis</span> <span class='ocrx_word' id='word_1_340' title='bbox 2230 4151 2351 4204; x_wconf 70' lang='lat' dir='ltr'>FG</span> <span class='ocrx_word' id='word_1_341' title='bbox 2386 4155 2405 4220; x_wconf 80' lang='grc' dir='ltr'>ΙΙ</span> <span class='ocrx_word' id='word_1_342' title='bbox 2452 4157 2483 4204; x_wconf 80' lang='lat'><strong>7</strong></span> <span class='ocrx_word' id='word_1_343' title='bbox 2522 4149 2779 4204; x_wconf 82' lang='lat' dir='ltr'>uocantis</span> <span class='ocrx_word' id='word_1_344' title='bbox 2816 4149 2871 4202; x_wconf 74' lang='lat' dir='ltr'><em>G</em></span> <span class='ocrx_word' id='word_1_345' title='bbox 2922 4149 3143 4204; x_wconf 77' lang='lat' dir='ltr'>uocatis</span> <span class='ocrx_word' id='word_1_346' title='bbox 3176 4151 3249 4202; x_wconf 88' lang='lat' dir='ltr'><em>H</em></span> <span class='ocrx_word' id='word_1_347' title='bbox 3274 4149 3293 4220; x_wconf 71' lang='grc' dir='ltr'>ΙΙ</span> 
     </span>
     <span class='ocr_line' id='line_1_37' title="bbox 739 4217 3293 4288; baseline -0 -13"><span class='ocrx_word' id='word_1_348' title='bbox 739 4229 776 4276; x_wconf 88' lang='grc'>8</span> <span class='ocrx_word' id='word_1_349' title='bbox 809 4223 1066 4274; x_wconf 73' lang='lat' dir='ltr'>scholium</span> <span class='ocrx_word' id='word_1_350' title='bbox 1105 4223 1180 4274; x_wconf 82' lang='lat' dir='ltr'>ad</span> <span class='ocrx_word' id='word_1_351' title='bbox 1213 4237 1264 4274; x_wconf 80' lang='lat' dir='ltr'>v.</span> <span class='ocrx_word' id='word_1_352' title='bbox 1307 4227 1412 4274; x_wconf 84' lang='lat'>120</span> <span class='ocrx_word' id='word_1_353' title='bbox 1447 4237 1546 4274; x_wconf 83' lang='lat' dir='ltr'>om.</span> <span class='ocrx_word' id='word_1_354' title='bbox 1585 4221 1640 4274; x_wconf 79' lang='lat' dir='ltr'><em>G</em></span> <span class='ocrx_word' id='word_1_355' title='bbox 1663 4223 1684 4288; x_wconf 87' lang='grc' dir='ltr'>ΙΙ</span> <span class='ocrx_word' id='word_1_356' title='bbox 1717 4239 2033 4280; x_wconf 67' lang='lat' dir='ltr'>mumvsqvn</span> <span class='ocrx_word' id='word_1_357' title='bbox 2072 4239 2291 4274; x_wconf 65' lang='lat' dir='ltr'>conclus</span> <span class='ocrx_word' id='word_1_358' title='bbox 2326 4221 2397 4274; x_wconf 87' lang='lat' dir='ltr'><em>H</em></span> <span class='ocrx_word' id='word_1_359' title='bbox 2414 4223 2433 4288; x_wconf 87' lang='grc' dir='ltr'>ΙΙ</span> <span class='ocrx_word' id='word_1_360' title='bbox 2468 4221 2651 4274; x_wconf 79' lang='lat' dir='ltr'>cordis</span> <span class='ocrx_word' id='word_1_361' title='bbox 2686 4217 2809 4274; x_wconf 57' lang='grc' dir='ltr'>(ΣΗ</span> <span class='ocrx_word' id='word_1_362' title='bbox 2846 4223 2869 4288; x_wconf 88' lang='grc' dir='ltr'>ΙΙ</span> <span class='ocrx_word' id='word_1_363' title='bbox 2912 4225 2945 4274; x_wconf 88' lang='grc'><strong>9</strong></span> <span class='ocrx_word' id='word_1_364' title='bbox 2986 4221 3071 4274; x_wconf 72' lang='lat' dir='ltr'>est</span> <span class='ocrx_word' id='word_1_365' title='bbox 3108 4221 3293 4276; x_wconf 73' lang='lat' dir='ltr'>autem</span> 
     </span>
     <span class='ocr_line' id='line_1_38' title="bbox 739 4289 3295 4364; baseline 0.001 -18"><span class='ocrx_word' id='word_1_366' title='bbox 739 4293 796 4346; x_wconf 82' lang='lat' dir='ltr'><em>R</em></span> <span class='ocrx_word' id='word_1_367' title='bbox 821 4295 840 4358; x_wconf 82' lang='grc' dir='ltr'>ΙΙ</span> <span class='ocrx_word' id='word_1_368' title='bbox 865 4293 1008 4344; x_wconf 84' lang='lat' dir='ltr'>haec</span> <span class='ocrx_word' id='word_1_369' title='bbox 1045 4307 1146 4346; x_wconf 88' lang='lat' dir='ltr'>om.</span> <span class='ocrx_word' id='word_1_370' title='bbox 1175 4291 1242 4342; x_wconf 88' lang='lat' dir='ltr'><em>H</em></span> <span class='ocrx_word' id='word_1_371' title='bbox 1263 4291 1282 4358; x_wconf 81' lang='grc' dir='ltr'>ΙΙ</span> <span class='ocrx_word' id='word_1_372' title='bbox 1309 4289 1454 4359; x_wconf 77' lang='lat' dir='ltr'>fidis]</span> <span class='ocrx_word' id='word_1_373' title='bbox 1495 4291 1564 4358; x_wconf 82' lang='lat' dir='ltr'>cf.</span> <span class='ocrx_word' id='word_1_374' title='bbox 1607 4291 1786 4346; x_wconf 71' lang='lat' dir='ltr'>Prisc,</span> <span class='ocrx_word' id='word_1_375' title='bbox 1821 4289 2003 4344; x_wconf 85' lang='lat'><strong>11130</strong></span> <span class='ocrx_word' id='word_1_376' title='bbox 2036 4291 2121 4358; x_wconf 77' lang='lat' dir='ltr'>(p.</span> <span class='ocrx_word' id='word_1_377' title='bbox 2154 4295 2273 4358; x_wconf 81' lang='lat'><strong>106,</strong></span> <span class='ocrx_word' id='word_1_378' title='bbox 2304 4295 2331 4342; x_wconf 88' lang='grc'>1</span> <span class='ocrx_word' id='word_1_379' title='bbox 2366 4291 2463 4358; x_wconf 89' lang='grc' dir='ltr'><strong>Η.)</strong></span> <span class='ocrx_word' id='word_1_380' title='bbox 2502 4297 2549 4346; x_wconf 79' lang='lat' dir='ltr'>et</span> <span class='ocrx_word' id='word_1_381' title='bbox 2588 4291 2665 4344; x_wconf 86' lang='lat' dir='ltr'>VI</span> <span class='ocrx_word' id='word_1_382' title='bbox 2704 4295 2771 4344; x_wconf 78' lang='lat'>57</span> <span class='ocrx_word' id='word_1_383' title='bbox 2808 4291 2897 4358; x_wconf 74' lang='lat' dir='ltr'>(p.</span> <span class='ocrx_word' id='word_1_384' title='bbox 2934 4295 3055 4358; x_wconf 79' lang='grc'><strong>242,</strong></span> <span class='ocrx_word' id='word_1_385' title='bbox 3086 4293 3251 4362; x_wconf 85' lang='lat' dir='ltr'>4H.)</span> <span class='ocrx_word' id='word_1_386' title='bbox 3278 4291 3295 4364; x_wconf 86' lang='grc' dir='ltr'>Η</span> 
     </span>
     <span class='ocr_line' id='line_1_39' title="bbox 739 4359 3295 4432; baseline 0.001 -16"><span class='ocrx_word' id='word_1_387' title='bbox 739 4359 1062 4432; x_wconf 79' lang='lat' dir='ltr'>pyrricheus</span> <span class='ocrx_word' id='word_1_388' title='bbox 1103 4361 1152 4414; x_wconf 84' lang='lat'><em>0</em></span> <span class='ocrx_word' id='word_1_389' title='bbox 1197 4361 1532 4430; x_wconf 75' lang='lat' dir='ltr'>pyrrychius</span> <span class='ocrx_word' id='word_1_390' title='bbox 1567 4361 1648 4412; x_wconf 86' lang='lat' dir='ltr'><em>M</em></span> <span class='ocrx_word' id='word_1_391' title='bbox 1693 4359 2047 4430; x_wconf 78' lang='lat' dir='ltr'>pyrrhichius</span> <span class='ocrx_word' id='word_1_392' title='bbox 2074 4361 2145 4414; x_wconf 85' lang='grc' dir='ltr'>Η</span> <span class='ocrx_word' id='word_1_393' title='bbox 2164 4363 2181 4430; x_wconf 93' lang='grc' dir='ltr'>ΙΙ</span> <span class='ocrx_word' id='word_1_394' title='bbox 2206 4361 2321 4416; x_wconf 88' lang='lat' dir='ltr'>iam</span> <span class='ocrx_word' id='word_1_395' title='bbox 2350 4361 2393 4416; x_wconf 79' lang='lat' dir='ltr'><strong><em>S</em></strong></span> <span class='ocrx_word' id='word_1_396' title='bbox 2430 4365 2583 4432; x_wconf 86' lang='lat' dir='ltr'>(uam</span> <span class='ocrx_word' id='word_1_397' title='bbox 2610 4361 2657 4430; x_wconf 77' lang='lat' dir='ltr'>s)</span> <span class='ocrx_word' id='word_1_398' title='bbox 2688 4363 2709 4430; x_wconf 79' lang='lat' dir='ltr'>ss</span> <span class='ocrx_word' id='word_1_399' title='bbox 2752 4367 2811 4414; x_wconf 88' lang='grc'>12</span> <span class='ocrx_word' id='word_1_400' title='bbox 2852 4379 3019 4432; x_wconf 80' lang='lat' dir='ltr'>supra</span> <span class='ocrx_word' id='word_1_401' title='bbox 3054 4361 3295 4418; x_wconf 77' lang='lat' dir='ltr'>diximus</span> 
     </span>
     <span class='ocr_line' id='line_1_40' title="bbox 743 4431 3269 4506; baseline 0.002 -20"><span class='ocrx_word' id='word_1_402' title='bbox 743 4433 820 4486; x_wconf 82' lang='lat' dir='ltr'><em>M</em></span> <span class='ocrx_word' id='word_1_403' title='bbox 859 4435 880 4500; x_wconf 89' lang='grc' dir='ltr'>ΙΙ</span> <span class='ocrx_word' id='word_1_404' title='bbox 935 4439 1000 4484; x_wconf 89' lang='grc'>13</span> <span class='ocrx_word' id='word_1_405' title='bbox 1039 4433 1304 4496; x_wconf 77' lang='lat' dir='ltr'>tyndares</span> <span class='ocrx_word' id='word_1_406' title='bbox 1325 4431 1396 4484; x_wconf 81' lang='lat' dir='ltr'>&#39;O&#39;</span> <span class='ocrx_word' id='word_1_407' title='bbox 1441 4431 1734 4500; x_wconf 82' lang='lat' dir='ltr'>tyndareei</span> <span class='ocrx_word' id='word_1_408' title='bbox 1773 4433 1822 4486; x_wconf 76' lang='lat' dir='ltr'>G-</span> <span class='ocrx_word' id='word_1_409' title='bbox 1875 4431 2147 4498; x_wconf 81' lang='lat' dir='ltr'>tyridarei</span> <span class='ocrx_word' id='word_1_410' title='bbox 2180 4431 2239 4484; x_wconf 85' lang='grc' dir='ltr'><strong><em>Α</em></strong></span> <span class='ocrx_word' id='word_1_411' title='bbox 2284 4433 2443 4496; x_wconf 79' lang='lat' dir='ltr'>(corr.</span> <span class='ocrx_word' id='word_1_412' title='bbox 2486 4433 2543 4502; x_wconf 86' lang='lat' dir='ltr'>a)</span> <span class='ocrx_word' id='word_1_413' title='bbox 2598 4431 2819 4502; x_wconf 78' lang='lat' dir='ltr'>tyndari</span> <span class='ocrx_word' id='word_1_414' title='bbox 2858 4433 2911 4488; x_wconf 89' lang='lat' dir='ltr'><em>R</em></span> <span class='ocrx_word' id='word_1_415' title='bbox 2956 4439 2977 4506; x_wconf 74' lang='grc'>11</span> <span class='ocrx_word' id='word_1_416' title='bbox 3032 4441 3099 4488; x_wconf 86' lang='grc'>14</span> <span class='ocrx_word' id='word_1_417' title='bbox 3136 4435 3269 4502; x_wconf 86' lang='lat' dir='ltr'>quia</span> 
     </span>
     <span class='ocr_line' id='line_1_41' title="bbox 739 4501 3293 4576; baseline 0.002 -20"><span class='ocrx_word' id='word_1_418' title='bbox 739 4503 892 4572; x_wconf 85' lang='lat' dir='ltr'>quod.</span> <span class='ocrx_word' id='word_1_419' title='bbox 929 4501 1018 4570; x_wconf 78' lang='lat'>011</span> <span class='ocrx_word' id='word_1_420' title='bbox 1045 4501 1184 4556; x_wconf 70' lang='grc'><strong>011010</strong></span> <span class='ocrx_word' id='word_1_421' title='bbox 1219 4501 1282 4554; x_wconf 78' lang='lat' dir='ltr'><strong><em>F</em></strong></span> <span class='ocrx_word' id='word_1_422' title='bbox 1303 4503 1322 4568; x_wconf 88' lang='grc' dir='ltr'>ΙΙ</span> <span class='ocrx_word' id='word_1_423' title='bbox 1351 4507 1420 4556; x_wconf 83' lang='grc'>15</span> <span class='ocrx_word' id='word_1_424' title='bbox 1459 4503 1546 4572; x_wconf 88' lang='lat' dir='ltr'>ut]</span> <span class='ocrx_word' id='word_1_425' title='bbox 1585 4503 1724 4556; x_wconf 80' lang='lat' dir='ltr'>et&#39;A</span> <span class='ocrx_word' id='word_1_426' title='bbox 1765 4505 1924 4572; x_wconf 73' lang='lat' dir='ltr'>(corr.</span> <span class='ocrx_word' id='word_1_427' title='bbox 1954 4505 2015 4572; x_wconf 84' lang='lat' dir='ltr'>a)</span> <span class='ocrx_word' id='word_1_428' title='bbox 2038 4505 2059 4572; x_wconf 84' lang='grc' dir='ltr'>ΙΙ</span> <span class='ocrx_word' id='word_1_429' title='bbox 2084 4503 2249 4574; x_wconf 81' lang='lat' dir='ltr'>item]</span> <span class='ocrx_word' id='word_1_430' title='bbox 2286 4503 2489 4558; x_wconf 84' lang='lat' dir='ltr'>iterum</span> <span class='ocrx_word' id='word_1_431' title='bbox 2528 4505 2601 4556; x_wconf 88' lang='lat' dir='ltr'><em>M</em></span> <span class='ocrx_word' id='word_1_432' title='bbox 2624 4505 2645 4574; x_wconf 84' lang='grc' dir='ltr'>ΙΙ</span> <span class='ocrx_word' id='word_1_433' title='bbox 2672 4511 2741 4558; x_wconf 87' lang='grc'>16</span> <span class='ocrx_word' id='word_1_434' title='bbox 2778 4505 2861 4576; x_wconf 77' lang='lat' dir='ltr'>se]</span> <span class='ocrx_word' id='word_1_435' title='bbox 2900 4505 3071 4560; x_wconf 75' lang='lat' dir='ltr'>fuisse</span> <span class='ocrx_word' id='word_1_436' title='bbox 3102 4505 3225 4560; x_wconf 65' lang='lat' dir='ltr'>Fa</span> <span class='ocrx_word' id='word_1_437' title='bbox 3282 4551 3293 4562; x_wconf 89' lang='lat'>.</span> 
     </span>
     <span class='ocr_line' id='line_1_42' title="bbox 739 4571 3293 4648; baseline 0.002 -22"><span class='ocrx_word' id='word_1_438' title='bbox 739 4575 952 4628; x_wconf 72' lang='lat' dir='ltr'>videtur</span> <span class='ocrx_word' id='word_1_439' title='bbox 989 4575 1054 4628; x_wconf 73' lang='lat' dir='ltr'>in</span> <span class='ocrx_word' id='word_1_440' title='bbox 1087 4573 1382 4642; x_wconf 76' lang='lat' dir='ltr'>archetypo</span> <span class='ocrx_word' id='word_1_441' title='bbox 1419 4571 1528 4628; x_wconf 82' lang='lat' dir='ltr'>fuit</span> <span class='ocrx_word' id='word_1_442' title='bbox 1559 4589 1734 4640; x_wconf 76' lang='lat' dir='ltr'>supra</span> <span class='ocrx_word' id='word_1_443' title='bbox 1771 4575 1856 4628; x_wconf 84' lang='lat' dir='ltr'>est</span> <span class='ocrx_word' id='word_1_444' title='bbox 1891 4575 2157 4642; x_wconf 76' lang='lat' dir='ltr'>scriptum</span> <span class='ocrx_word' id='word_1_445' title='bbox 2190 4575 2377 4640; x_wconf 74' lang='lat' dir='ltr'>fuisse.</span> <span class='ocrx_word' id='word_1_446' title='bbox 2406 4575 2423 4644; x_wconf 76' lang='grc' dir='ltr'>ΙΙ</span> <span class='ocrx_word' id='word_1_447' title='bbox 2456 4581 2521 4628; x_wconf 77' lang='lat'>17</span> <span class='ocrx_word' id='word_1_448' title='bbox 2556 4575 2791 4648; x_wconf 83' lang='lat' dir='ltr'>totiens]</span> <span class='ocrx_word' id='word_1_449' title='bbox 2832 4579 3063 4646; x_wconf 82' lang='lat' dir='ltr'>propter</span> <span class='ocrx_word' id='word_1_450' title='bbox 3100 4577 3293 4632; x_wconf 78' lang='lat' dir='ltr'>stellas</span> 
     </span>
     <span class='ocr_line' id='line_1_43' title="bbox 621 4643 3291 4714; baseline 0.003 -18"><span class='ocrx_word' id='word_1_451' title='bbox 621 4665 640 4676; x_wconf 46' lang='lat'>‘⁴</span> <span class='ocrx_word' id='word_1_452' title='bbox 739 4643 892 4698; x_wconf 85' lang='lat' dir='ltr'>inter</span> <span class='ocrx_word' id='word_1_453' title='bbox 925 4661 984 4698; x_wconf 77' lang='grc'>00</span> <span class='ocrx_word' id='word_1_454' title='bbox 1025 4643 1268 4700; x_wconf 72' lang='lat' dir='ltr'>orientes</span> <span class='ocrx_word' id='word_1_455' title='bbox 1303 4647 1364 4698; x_wconf 79' lang='lat' dir='ltr'>et</span> <span class='ocrx_word' id='word_1_456' title='bbox 1401 4643 1716 4700; x_wconf 78' lang='lat' dir='ltr'>occidentes</span> <span class='ocrx_word' id='word_1_457' title='bbox 1757 4643 1989 4700; x_wconf 80' lang='lat' dir='ltr'>castoris</span> <span class='ocrx_word' id='word_1_458' title='bbox 2028 4645 2085 4698; x_wconf 90' lang='lat' dir='ltr'>et</span> <span class='ocrx_word' id='word_1_459' title='bbox 2122 4645 2375 4714; x_wconf 77' lang='lat' dir='ltr'>pollucis,</span> <span class='ocrx_word' id='word_1_460' title='bbox 2430 4647 2581 4714; x_wconf 85' lang='lat' dir='ltr'>quod</span> <span class='ocrx_word' id='word_1_461' title='bbox 2616 4649 2831 4702; x_wconf 86' lang='lat' dir='ltr'>homeri</span> <span class='ocrx_word' id='word_1_462' title='bbox 2858 4667 3083 4704; x_wconf 84' lang='lat' dir='ltr'>carmen</span> <span class='ocrx_word' id='word_1_463' title='bbox 3120 4649 3291 4704; x_wconf 75' lang='lat' dir='ltr'>testa—</span> 
     </span>
     <span class='ocr_line' id='line_1_44' title="bbox 739 4715 3293 4790; baseline 0.002 -20"><span class='ocrx_word' id='word_1_464' title='bbox 739 4719 832 4770; x_wconf 84' lang='lat' dir='ltr'>tur</span> <span class='ocrx_word' id='word_1_465' title='bbox 875 4715 934 4768; x_wconf 85' lang='lat' dir='ltr'>in</span> <span class='ocrx_word' id='word_1_466' title='bbox 979 4757 994 4768; x_wconf 89' lang='lat'><strong>.</strong></span> <span class='ocrx_word' id='word_1_467' title='bbox 1035 4757 1048 4770; x_wconf 86' lang='lat'><strong>.</strong></span> <span class='ocrx_word' id='word_1_468' title='bbox 1087 4757 1100 4772; x_wconf 88' lang='lat'><strong>.</strong></span> <span class='ocrx_word' id='word_1_469' title='bbox 1153 4719 1368 4784; x_wconf 76' lang='lat' dir='ltr'>(septem</span> <span class='ocrx_word' id='word_1_470' title='bbox 1405 4731 1658 4770; x_wconf 74' lang='lat' dir='ltr'>versuum</span> <span class='ocrx_word' id='word_1_471' title='bbox 1699 4717 1882 4784; x_wconf 75' lang='lat' dir='ltr'>spatio</span> <span class='ocrx_word' id='word_1_472' title='bbox 1927 4717 2141 4784; x_wconf 76' lang='lat' dir='ltr'>relicto)</span> <span class='ocrx_word' id='word_1_473' title='bbox 2186 4717 2313 4772; x_wconf 76' lang='lat' dir='ltr'>add.</span> <span class='ocrx_word' id='word_1_474' title='bbox 2354 4717 2427 4770; x_wconf 89' lang='lat' dir='ltr'>D.</span> <span class='ocrx_word' id='word_1_475' title='bbox 2496 4719 2563 4784; x_wconf 76' lang='lat' dir='ltr'>cf.</span> <span class='ocrx_word' id='word_1_476' title='bbox 2610 4719 2705 4774; x_wconf 76' lang='lat' dir='ltr'>od.</span> <span class='ocrx_word' id='word_1_477' title='bbox 2748 4721 2825 4774; x_wconf 87' lang='lat' dir='ltr'>XI</span> <span class='ocrx_word' id='word_1_478' title='bbox 2864 4725 2969 4774; x_wconf 84' lang='grc'>298</span> <span class='ocrx_word' id='word_1_479' title='bbox 2996 4737 3107 4788; x_wconf 72' lang='lat' dir='ltr'>sqq.</span> <span class='ocrx_word' id='word_1_480' title='bbox 3152 4721 3171 4790; x_wconf 84' lang='grc' dir='ltr'>ΙΙ</span> <span class='ocrx_word' id='word_1_481' title='bbox 3232 4727 3293 4776; x_wconf 89' lang='grc'>18</span> 
     </span>
     <span class='ocr_line' id='line_1_45' title="bbox 739 4787 3293 4864; baseline 0.002 -24"><span class='ocrx_word' id='word_1_482' title='bbox 739 4787 946 4840; x_wconf 75' lang='lat' dir='ltr'>scholia</span> <span class='ocrx_word' id='word_1_483' title='bbox 979 4789 1056 4840; x_wconf 81' lang='lat' dir='ltr'>ad</span> <span class='ocrx_word' id='word_1_484' title='bbox 1089 4803 1140 4840; x_wconf 84' lang='grc' dir='ltr'><strong>υ.</strong></span> <span class='ocrx_word' id='word_1_485' title='bbox 1173 4793 1276 4840; x_wconf 85' lang='grc'>122</span> <span class='ocrx_word' id='word_1_486' title='bbox 1311 4793 1362 4842; x_wconf 78' lang='lat' dir='ltr'>et</span> <span class='ocrx_word' id='word_1_487' title='bbox 1401 4787 1474 4840; x_wconf 77' lang='lat' dir='ltr'>ad</span> <span class='ocrx_word' id='word_1_488' title='bbox 1511 4803 1734 4840; x_wconf 56' lang='lat' dir='ltr'>naemu</span> <span class='ocrx_word' id='word_1_489' title='bbox 1771 4805 1820 4846; x_wconf 73' lang='lat' dir='ltr'>Q·</span> <span class='ocrx_word' id='word_1_490' title='bbox 1861 4805 1916 4838; x_wconf 77' lang='lat' dir='ltr'>M.</span> <span class='ocrx_word' id='word_1_491' title='bbox 1952 4803 2005 4838; x_wconf 70' lang='lat' dir='ltr'>A.</span> <span class='ocrx_word' id='word_1_492' title='bbox 2044 4803 2147 4840; x_wconf 85' lang='lat' dir='ltr'>om.</span> <span class='ocrx_word' id='word_1_493' title='bbox 2176 4787 2229 4840; x_wconf 72' lang='lat' dir='ltr'><strong><em>G</em></strong></span> <span class='ocrx_word' id='word_1_494' title='bbox 2256 4789 2275 4856; x_wconf 78' lang='grc' dir='ltr'>Ι]</span> <span class='ocrx_word' id='word_1_495' title='bbox 2300 4787 2527 4860; x_wconf 82' lang='lat' dir='ltr'>durum]</span> <span class='ocrx_word' id='word_1_496' title='bbox 2564 4793 2761 4846; x_wconf 82' lang='lat' dir='ltr'>utrum·</span> <span class='ocrx_word' id='word_1_497' title='bbox 2792 4789 2841 4844; x_wconf 81' lang='lat'><em>0</em></span> <span class='ocrx_word' id='word_1_498' title='bbox 2864 4793 2883 4860; x_wconf 85' lang='grc' dir='ltr'>ΙΙ</span> <span class='ocrx_word' id='word_1_499' title='bbox 2908 4807 3013 4844; x_wconf 85' lang='grc'><strong>1100</strong></span> <span class='ocrx_word' id='word_1_500' title='bbox 3046 4805 3149 4850; x_wconf 85' lang='lat' dir='ltr'>om.</span> <span class='ocrx_word' id='word_1_501' title='bbox 3176 4793 3243 4844; x_wconf 88' lang='lat' dir='ltr'><strong><em>H</em></strong></span> <span class='ocrx_word' id='word_1_502' title='bbox 3276 4791 3293 4864; x_wconf 59' lang='grc'>11</span> 
     </span>
     <span class='ocr_line' id='line_1_46' title="bbox 741 4855 3293 4930; baseline 0.002 -20"><span class='ocrx_word' id='word_1_503' title='bbox 741 4857 828 4910; x_wconf 81' lang='lat' dir='ltr'>est</span> <span class='ocrx_word' id='word_1_504' title='bbox 861 4871 962 4910; x_wconf 84' lang='lat' dir='ltr'>om.</span> <span class='ocrx_word' id='word_1_505' title='bbox 1005 4855 1052 4910; x_wconf 81' lang='lat' dir='ltr'><em>G</em></span> <span class='ocrx_word' id='word_1_506' title='bbox 1079 4857 1102 4924; x_wconf 81' lang='grc' dir='ltr'>ΙΙ</span> <span class='ocrx_word' id='word_1_507' title='bbox 1153 4861 1212 4910; x_wconf 84' lang='grc'>19</span> <span class='ocrx_word' id='word_1_508' title='bbox 1251 4859 1448 4928; x_wconf 82' lang='lat' dir='ltr'>patere</span> <span class='ocrx_word' id='word_1_509' title='bbox 1487 4857 1688 4912; x_wconf 87' lang='lat' dir='ltr'>debere</span> <span class='ocrx_word' id='word_1_510' title='bbox 1729 4857 1776 4910; x_wconf 83' lang='grc' dir='ltr'><em>Ο</em></span> <span class='ocrx_word' id='word_1_511' title='bbox 1795 4859 1816 4924; x_wconf 80' lang='grc' dir='ltr'>ΙΙ</span> <span class='ocrx_word' id='word_1_512' title='bbox 1851 4857 2053 4926; x_wconf 82' lang='lat' dir='ltr'>pietati</span> <span class='ocrx_word' id='word_1_513' title='bbox 2090 4873 2191 4910; x_wconf 82' lang='lat' dir='ltr'>om.</span> <span class='ocrx_word' id='word_1_514' title='bbox 2234 4857 2301 4910; x_wconf 84' lang='lat' dir='ltr'><em>H</em></span> <span class='ocrx_word' id='word_1_515' title='bbox 2326 4859 2347 4926; x_wconf 73' lang='grc' dir='ltr'>ΙΙ</span> <span class='ocrx_word' id='word_1_516' title='bbox 2382 4859 2667 4928; x_wconf 85' lang='lat' dir='ltr'>patuerint</span> <span class='ocrx_word' id='word_1_517' title='bbox 2702 4863 2765 4916; x_wconf 76' lang='lat' dir='ltr'><em>F</em></span> <span class='ocrx_word' id='word_1_518' title='bbox 2794 4863 2815 4930; x_wconf 83' lang='lat' dir='ltr'>ll</span> <span class='ocrx_word' id='word_1_519' title='bbox 2862 4869 2927 4916; x_wconf 86' lang='grc'>20</span> <span class='ocrx_word' id='word_1_520' title='bbox 2966 4861 3293 4930; x_wconf 85' lang='lat' dir='ltr'>capiendam</span> 
     </span>
     <span class='ocr_line' id='line_1_47' title="bbox 739 4927 3295 5005; baseline 0.003 -23"><span class='ocrx_word' id='word_1_521' title='bbox 739 4927 1100 4996; x_wconf 63' lang='grc' dir='ltr'><strong>011190110οω</strong></span> <span class='ocrx_word' id='word_1_522' title='bbox 1139 4927 1392 4982; x_wconf 79' lang='lat' dir='ltr'>Pirithoo</span> <span class='ocrx_word' id='word_1_523' title='bbox 1429 4945 1532 4986; x_wconf 84' lang='lat' dir='ltr'>om.</span> <span class='ocrx_word' id='word_1_524' title='bbox 1567 4927 1684 4982; x_wconf 78' lang='lat' dir='ltr'>FO</span> <span class='ocrx_word' id='word_1_525' title='bbox 1705 4929 1726 4996; x_wconf 95' lang='grc' dir='ltr'>ΙΙ</span> <span class='ocrx_word' id='word_1_526' title='bbox 1765 4929 2023 4996; x_wconf 79' lang='lat' dir='ltr'>pyritheo</span> <span class='ocrx_word' id='word_1_527' title='bbox 2060 4927 2171 4982; x_wconf 78' lang='lat' dir='ltr'>AS</span> <span class='ocrx_word' id='word_1_528' title='bbox 2208 4931 2369 4998; x_wconf 73' lang='lat' dir='ltr'>(corr.</span> <span class='ocrx_word' id='word_1_529' title='bbox 2408 4931 2465 5000; x_wconf 88' lang='lat' dir='ltr'>a)</span> <span class='ocrx_word' id='word_1_530' title='bbox 2492 4933 2513 5000; x_wconf 85' lang='grc' dir='ltr'>ΙΙ</span> <span class='ocrx_word' id='word_1_531' title='bbox 2552 4937 2621 4988; x_wconf 81' lang='lat'>21</span> <span class='ocrx_word' id='word_1_532' title='bbox 2658 4935 2853 4988; x_wconf 75' lang='lat' dir='ltr'>sedeat</span> <span class='ocrx_word' id='word_1_533' title='bbox 2888 4931 2951 4988; x_wconf 81' lang='lat' dir='ltr'>F</span> <span class='ocrx_word' id='word_1_534' title='bbox 3002 4933 3161 4988; x_wconf 77' lang='lat' dir='ltr'>sedat</span> <span class='ocrx_word' id='word_1_535' title='bbox 3200 4935 3249 4990; x_wconf 84' lang='lat'><em>0</em></span> <span class='ocrx_word' id='word_1_536' title='bbox 3278 4934 3295 5005; x_wconf 93' lang='grc' dir='ltr'>ΙΙ</span> 
     </span>
     <span class='ocr_line' id='line_1_48' title="bbox 739 4997 3293 5108; baseline -0.002 -54"><span class='ocrx_word' id='word_1_537' title='bbox 739 4997 1132 5066; x_wconf 83' lang='lat' dir='ltr'>aeternumqui</span> <span class='ocrx_word' id='word_1_538' title='bbox 1159 4997 1354 5068; x_wconf 45' lang='grc'><strong>1111102</strong></span> <span class='ocrx_word' id='word_1_539' title='bbox 1387 4999 1606 5054; x_wconf 77' lang='lat' dir='ltr'>sedebit</span> <span class='ocrx_word' id='word_1_540' title='bbox 1643 5015 1708 5054; x_wconf 73' lang='lat' dir='ltr'>0ae</span> <span class='ocrx_word' id='word_1_541' title='bbox 1745 4997 1977 5078; x_wconf 76' lang='lat' dir='ltr'>sedebat</span> <span class='ocrx_word' id='word_1_542' title='bbox 2006 4997 2109 5068; x_wconf 77' lang='lat' dir='ltr'>Fll</span> <span class='ocrx_word' id='word_1_543' title='bbox 2136 4997 2327 5054; x_wconf 80' lang='lat' dir='ltr'>infelix</span> <span class='ocrx_word' id='word_1_544' title='bbox 2358 4999 2605 5056; x_wconf 75' lang='lat' dir='ltr'>Theseus</span> <span class='ocrx_word' id='word_1_545' title='bbox 2644 5015 2745 5108; x_wconf 55' lang='lat' dir='ltr'>pm,</span> <span class='ocrx_word' id='word_1_546' title='bbox 2776 5003 2823 5058; x_wconf 80' lang='lat'><em>0</em></span> <span class='ocrx_word' id='word_1_547' title='bbox 2844 5007 2865 5074; x_wconf 85' lang='grc'>11</span> <span class='ocrx_word' id='word_1_548' title='bbox 2892 5009 2959 5060; x_wconf 80' lang='grc'>25</span> <span class='ocrx_word' id='word_1_549' title='bbox 3000 5021 3131 5060; x_wconf 85' lang='lat' dir='ltr'>nam</span> <span class='ocrx_word' id='word_1_550' title='bbox 3158 5007 3293 5060; x_wconf 76' lang='lat' dir='ltr'>Her-</span> 
     </span>
     <span class='ocr_line' id='line_1_49' title="bbox 743 5069 3293 5150; baseline 0.003 -24"><span class='ocrx_word' id='word_1_551' title='bbox 743 5069 926 5126; x_wconf 85' lang='grc'><strong>01110111</strong></span> <span class='ocrx_word' id='word_1_552' title='bbox 965 5111 978 5126; x_wconf 89' lang='grc'><strong>.</strong></span> <span class='ocrx_word' id='word_1_553' title='bbox 1013 5115 1024 5126; x_wconf 92' lang='grc'><strong>.</strong></span> <span class='ocrx_word' id='word_1_554' title='bbox 1055 5111 1068 5126; x_wconf 92' lang='grc'><strong>.</strong></span> <span class='ocrx_word' id='word_1_555' title='bbox 1107 5071 1198 5126; x_wconf 79' lang='lat' dir='ltr'>est</span> <span class='ocrx_word' id='word_1_556' title='bbox 1231 5087 1500 5140; x_wconf 82' lang='lat' dir='ltr'>maguum</span> <span class='ocrx_word' id='word_1_557' title='bbox 1535 5087 1636 5126; x_wconf 86' lang='lat' dir='ltr'>om.</span> <span class='ocrx_word' id='word_1_558' title='bbox 1657 5071 1724 5126; x_wconf 81' lang='lat' dir='ltr'><strong><em>H</em></strong></span> <span class='ocrx_word' id='word_1_559' title='bbox 1743 5072 1906 5140; x_wconf 73' lang='grc'><strong>1101110</strong></span> <span class='ocrx_word' id='word_1_560' title='bbox 1941 5069 2221 5140; x_wconf 86' lang='lat' dir='ltr'>epitheto]</span> <span class='ocrx_word' id='word_1_561' title='bbox 2264 5087 2363 5140; x_wconf 84' lang='lat' dir='ltr'>per</span> <span class='ocrx_word' id='word_1_562' title='bbox 2390 5087 2447 5128; x_wconf 79' lang='lat' dir='ltr'>se</span> <span class='ocrx_word' id='word_1_563' title='bbox 2478 5075 2593 5130; x_wconf 78' lang='lat' dir='ltr'>FO</span> <span class='ocrx_word' id='word_1_564' title='bbox 2618 5077 2731 5150; x_wconf 75' lang='grc'><strong>1126</strong></span> <span class='ocrx_word' id='word_1_565' title='bbox 2766 5075 3171 5150; x_wconf 80' lang='lat' dir='ltr'>intellegimus]</span> <span class='ocrx_word' id='word_1_566' title='bbox 3212 5079 3293 5132; x_wconf 85' lang='lat' dir='ltr'>in-</span> 
     </span>
    </p>
   </div>
  </div>
 </body>
</html>
