<?xml version="1.0" encoding="UTF-8"?>
<!DOCTYPE html PUBLIC "-//W3C//DTD XHTML 1.0 Transitional//EN"
    "http://www.w3.org/TR/xhtml1/DTD/xhtml1-transitional.dtd">
<html xmlns="http://www.w3.org/1999/xhtml" xml:lang="en" lang="en">
 <head>
  <title>
</title>
<meta http-equiv="Content-Type" content="text/html;charset=utf-8" />
  <meta name='ocr-system' content='tesseract 3.04.00' />
  <meta name='ocr-capabilities' content='ocr_page ocr_carea ocr_par ocr_line ocrx_word'/>
</head>
<body>
  <div class='ocr_page' id='page_1' title='image "./serviigrammatic00hagegoog_0144.png"; bbox 0 0 3900 5784; ppageno 0'>
   <div class='ocr_carea' id='block_1_1' title="bbox 709 629 2101 692">
    <p class='ocr_par' dir='ltr' id='par_1_1' title="bbox 709 629 2101 692">
     <span class='ocr_line' id='line_1_1' title="bbox 709 629 2101 692; baseline -0.004 -2"><span class='ocrx_word' id='word_1_1' title='bbox 709 629 836 692; x_wconf 77' lang='grc'><strong>142</strong></span> <span class='ocrx_word' id='word_1_2' title='bbox 1859 633 2101 686; x_wconf 81' lang='lat' dir='ltr'>SERVII</span> 
     </span>
    </p>
   </div>
   <div class='ocr_carea' id='block_1_2' title="bbox 587 787 3267 3654">
    <p class='ocr_par' dir='ltr' id='par_1_2' title="bbox 587 787 3267 3654">
     <span class='ocr_line' id='line_1_2' title="bbox 891 787 3253 878; baseline 0.002 -26"><span class='ocrx_word' id='word_1_3' title='bbox 891 789 1032 854; x_wconf 81' lang='lat'><strong>197.</strong></span> <span class='ocrx_word' id='word_1_4' title='bbox 1103 787 1306 876; x_wconf 75' lang='lat' dir='ltr'><strong>(QVID</strong></span> <span class='ocrx_word' id='word_1_5' title='bbox 1335 807 1608 876; x_wconf 78' lang='lat' dir='ltr'><strong>PETITls</strong></span> <span class='ocrx_word' id='word_1_6' title='bbox 1641 843 1654 856; x_wconf 90' lang='lat'><strong>.</strong></span> <span class='ocrx_word' id='word_1_7' title='bbox 1683 843 1696 858; x_wconf 91' lang='lat'><strong>.</strong></span> <span class='ocrx_word' id='word_1_8' title='bbox 1727 793 1770 878; x_wconf 83' lang='lat'><strong>.)</strong></span> <span class='ocrx_word' id='word_1_9' title='bbox 1809 811 1963 858; x_wconf 80' lang='lat' dir='ltr'>SIVE</span> <span class='ocrx_word' id='word_1_10' title='bbox 2002 809 2281 858; x_wconf 81' lang='lat' dir='ltr'>ERRORE</span> <span class='ocrx_word' id='word_1_11' title='bbox 2316 809 2485 856; x_wconf 82' lang='lat' dir='ltr'><strong>VIAE</strong></span> <span class='ocrx_word' id='word_1_12' title='bbox 2524 809 2651 858; x_wconf 81' lang='lat' dir='ltr'><strong>SEV</strong></span> <span class='ocrx_word' id='word_1_13' title='bbox 2678 807 3253 856; x_wconf 77' lang='lat' dir='ltr'>TEMPESTATIBVS</span> 
     </span>
     <span class='ocr_line' id='line_1_3' title="bbox 705 897 3257 984; baseline 0.001 -24"><span class='ocrx_word' id='word_1_14' title='bbox 705 915 868 960; x_wconf 81' lang='lat' dir='ltr'>AOTI</span> <span class='ocrx_word' id='word_1_15' title='bbox 917 897 1060 984; x_wconf 57' lang='lat' dir='ltr'><strong>duo⁴</strong></span> <span class='ocrx_word' id='word_1_16' title='bbox 1087 897 1368 982; x_wconf 87' lang='lat' dir='ltr'><strong>quaerit:</strong></span> <span class='ocrx_word' id='word_1_17' title='bbox 1419 899 1472 960; x_wconf 90' lang='lat' dir='ltr'><strong>si</strong></span> <span class='ocrx_word' id='word_1_18' title='bbox 1519 901 1848 966; x_wconf 77' lang='lat' dir='ltr'><strong>voluntate</strong></span> <span class='ocrx_word' id='word_1_19' title='bbox 1897 901 2191 984; x_wconf 77' lang='lat' dir='ltr'><strong>venistis,</strong></span> <span class='ocrx_word' id='word_1_20' title='bbox 2242 897 2393 982; x_wconf 88' lang='lat' dir='ltr'><strong>quid</strong></span> <span class='ocrx_word' id='word_1_21' title='bbox 2436 897 2707 980; x_wconf 84' lang='lat' dir='ltr'><strong>petitis‘?</strong></span> <span class='ocrx_word' id='word_1_22' title='bbox 2758 899 2813 962; x_wconf 89' lang='lat' dir='ltr'><strong>si</strong></span> <span class='ocrx_word' id='word_1_23' title='bbox 2850 899 3257 984; x_wconf 86' lang='lat' dir='ltr'><strong>necessitate,</strong></span> 
     </span>
     <span class='ocr_line' id='line_1_4' title="bbox 705 1005 2415 1096; baseline 0.002 -30"><span class='ocrx_word' id='word_1_24' title='bbox 705 1005 1062 1086; x_wconf 72' lang='lat' dir='ltr'><strong>tempestas</strong></span> <span class='ocrx_word' id='word_1_25' title='bbox 1107 1025 1218 1068; x_wconf 83' lang='lat' dir='ltr'><strong>vos</strong></span> <span class='ocrx_word' id='word_1_26' title='bbox 1269 1019 1352 1068; x_wconf 83' lang='lat' dir='ltr'><strong>au</strong></span> <span class='ocrx_word' id='word_1_27' title='bbox 1401 1025 1578 1068; x_wconf 89' lang='lat' dir='ltr'><strong>error</strong></span> <span class='ocrx_word' id='word_1_28' title='bbox 1625 1005 1920 1070; x_wconf 76' lang='lat' dir='ltr'><strong>advexit?</strong></span> <span class='ocrx_word' id='word_1_29' title='bbox 2410 1091 2415 1096; x_wconf 22' lang='lat'>⁸</span> 
     </span>
     <span class='ocr_line' id='line_1_5' title="bbox 891 1111 3259 1198; baseline 0.001 -24"><span class='ocrx_word' id='word_1_30' title='bbox 891 1111 1032 1174; x_wconf 87' lang='lat'><strong>198.</strong></span> <span class='ocrx_word' id='word_1_31' title='bbox 1105 1129 1296 1176; x_wconf 82' lang='lat' dir='ltr'><strong>VADA</strong></span> <span class='ocrx_word' id='word_1_32' title='bbox 1333 1127 1660 1176; x_wconf 77' lang='lat' dir='ltr'>CAERVLA</span> <span class='ocrx_word' id='word_1_33' title='bbox 1695 1113 2023 1176; x_wconf 86' lang='lat' dir='ltr'><strong>caerulum</strong></span> <span class='ocrx_word' id='word_1_34' title='bbox 2058 1117 2161 1178; x_wconf 88' lang='lat' dir='ltr'><strong>est</strong></span> <span class='ocrx_word' id='word_1_35' title='bbox 2186 1113 2389 1178; x_wconf 83' lang='lat' dir='ltr'><strong>viride</strong></span> <span class='ocrx_word' id='word_1_36' title='bbox 2416 1133 2557 1176; x_wconf 87' lang='lat' dir='ltr'><strong>cum</strong></span> <span class='ocrx_word' id='word_1_37' title='bbox 2588 1113 2795 1198; x_wconf 83' lang='lat' dir='ltr'><strong>nigre,</strong></span> <span class='ocrx_word' id='word_1_38' title='bbox 2830 1117 2905 1176; x_wconf 90' lang='lat' dir='ltr'><strong>ut</strong></span> <span class='ocrx_word' id='word_1_39' title='bbox 2932 1115 3031 1176; x_wconf 90' lang='lat' dir='ltr'><strong>est</strong></span> <span class='ocrx_word' id='word_1_40' title='bbox 3058 1133 3259 1176; x_wconf 88' lang='lat' dir='ltr'><strong>mare.</strong></span> 
     </span>
     <span class='ocr_line' id='line_1_6' title="bbox 587 1217 3259 1304; baseline 0.001 -24"><span class='ocrx_word' id='word_1_41' title='bbox 587 1251 590 1256; x_wconf 96' lang='lat'>·</span> <span class='ocrx_word' id='word_1_42' title='bbox 635 1233 666 1280; x_wconf 79' lang='lat'>5</span> <span class='ocrx_word' id='word_1_43' title='bbox 885 1217 1032 1282; x_wconf 80' lang='lat'><strong>200.</strong></span> <span class='ocrx_word' id='word_1_44' title='bbox 1105 1235 1364 1296; x_wconf 77' lang='lat' dir='ltr'><strong>QVALIA</strong></span> <span class='ocrx_word' id='word_1_45' title='bbox 1401 1237 1648 1286; x_wconf 78' lang='lat' dir='ltr'><strong>MVLTA</strong></span> <span class='ocrx_word' id='word_1_46' title='bbox 1689 1221 1774 1284; x_wconf 83' lang='lat' dir='ltr'><strong>ad</strong></span> <span class='ocrx_word' id='word_1_47' title='bbox 1817 1219 1944 1284; x_wconf 86' lang='lat' dir='ltr'><strong>duo</strong></span> <span class='ocrx_word' id='word_1_48' title='bbox 1994 1221 2307 1304; x_wconf 84' lang='lat' dir='ltr'><strong>respexit,</strong></span> <span class='ocrx_word' id='word_1_49' title='bbox 2354 1239 2635 1284; x_wconf 88' lang='lat' dir='ltr'><strong>errorem</strong></span> <span class='ocrx_word' id='word_1_50' title='bbox 2680 1221 2749 1282; x_wconf 92' lang='lat' dir='ltr'><strong>et</strong></span> <span class='ocrx_word' id='word_1_51' title='bbox 2782 1221 3259 1284; x_wconf 84' lang='lat' dir='ltr'><strong>necessitatem.</strong></span> 
     </span>
     <span class='ocr_line' id='line_1_7' title="bbox 885 1325 3259 1410; baseline 0.001 -22"><span class='ocrx_word' id='word_1_52' title='bbox 885 1325 1032 1388; x_wconf 84' lang='lat'><strong>201.</strong></span> <span class='ocrx_word' id='word_1_53' title='bbox 1103 1343 1476 1404; x_wconf 75' lang='lat' dir='ltr'>PORTVQVE</span> <span class='ocrx_word' id='word_1_54' title='bbox 1523 1343 1808 1392; x_wconf 76' lang='lat' dir='ltr'>SEDETIS</span> <span class='ocrx_word' id='word_1_55' title='bbox 1859 1331 2009 1392; x_wconf 86' lang='lat' dir='ltr'><strong>ante</strong></span> <span class='ocrx_word' id='word_1_56' title='bbox 2056 1329 2227 1392; x_wconf 86' lang='lat' dir='ltr'><strong>enim</strong></span> <span class='ocrx_word' id='word_1_57' title='bbox 2276 1349 2393 1410; x_wconf 89' lang='lat' dir='ltr'><strong>pro</strong></span> <span class='ocrx_word' id='word_1_58' title='bbox 2436 1329 2635 1410; x_wconf 90' lang='lat' dir='ltr'><strong>portu</strong></span> <span class='ocrx_word' id='word_1_59' title='bbox 2676 1329 2839 1390; x_wconf 78' lang='lat' dir='ltr'><strong>erat-</strong></span> <span class='ocrx_word' id='word_1_60' title='bbox 2864 1327 3003 1390; x_wconf 89' lang='lat' dir='ltr'><strong>illic</strong></span> <span class='ocrx_word' id='word_1_61' title='bbox 3048 1327 3259 1390; x_wconf 84' lang='lat' dir='ltr'><strong>exitus</strong></span> 
     </span>
     <span class='ocr_line' id='line_1_8' title="bbox 703 1431 1008 1494; baseline 0 0"><span class='ocrx_word' id='word_1_62' title='bbox 703 1431 1008 1494; x_wconf 76' lang='lat' dir='ltr'><strong>fluminis,</strong></span> 
     </span>
     <span class='ocr_line' id='line_1_9' title="bbox 881 1539 2717 1626; baseline 0 -24"><span class='ocrx_word' id='word_1_63' title='bbox 881 1539 1030 1602; x_wconf 78' lang='lat'>202.</span> <span class='ocrx_word' id='word_1_64' title='bbox 1101 1557 1194 1604; x_wconf 81' lang='grc' dir='ltr'><strong>ΝΕ</strong></span> <span class='ocrx_word' id='word_1_65' title='bbox 1239 1557 1504 1604; x_wconf 76' lang='lat' dir='ltr'><strong>FVGITE</strong></span> <span class='ocrx_word' id='word_1_66' title='bbox 1549 1543 1620 1606; x_wconf 56' lang='lat' dir='ltr'><strong>dd</strong></span> <span class='ocrx_word' id='word_1_67' title='bbox 1661 1545 1750 1606; x_wconf 73' lang='lat' dir='ltr'><strong>est</strong></span> <span class='ocrx_word' id='word_1_68' title='bbox 1791 1563 1872 1604; x_wconf 90' lang='lat' dir='ltr'><strong>ne</strong></span> <span class='ocrx_word' id='word_1_69' title='bbox 1917 1541 2215 1626; x_wconf 83' lang='lat' dir='ltr'><strong>fugiatis,</strong></span> <span class='ocrx_word' id='word_1_70' title='bbox 2262 1561 2339 1604; x_wconf 89' lang='lat' dir='ltr'><strong>ne</strong></span> <span class='ocrx_word' id='word_1_71' title='bbox 2386 1539 2717 1624; x_wconf 72' lang='lat' dir='ltr'>ignoretis,</span> 
     </span>
     <span class='ocr_line' id='line_1_10' title="bbox 879 1645 2249 1732; baseline 0.001 -22"><span class='ocrx_word' id='word_1_72' title='bbox 879 1645 1028 1710; x_wconf 81' lang='lat'><strong>203.</strong></span> <span class='ocrx_word' id='word_1_73' title='bbox 1101 1665 1404 1712; x_wconf 78' lang='lat' dir='ltr'>SATVRNI</span> <span class='ocrx_word' id='word_1_74' title='bbox 1449 1665 1738 1714; x_wconf 76' lang='lat' dir='ltr'><strong>GENTEM</strong></span> <span class='ocrx_word' id='word_1_75' title='bbox 1783 1649 1924 1714; x_wconf 89' lang='lat' dir='ltr'><strong>laus</strong></span> <span class='ocrx_word' id='word_1_76' title='bbox 1972 1647 2249 1732; x_wconf 85' lang='lat' dir='ltr'><strong>generis.</strong></span> 
     </span>
     <span class='ocr_line' id='line_1_11' title="bbox 597 1755 3259 1832; baseline 0 -14"><span class='ocrx_word' id='word_1_77' title='bbox 597 1773 664 1820; x_wconf 73' lang='grc' dir='ltr'><strong>ιο</strong></span> <span class='ocrx_word' id='word_1_78' title='bbox 877 1755 1030 1818; x_wconf 82' lang='lat'>204.</span> <span class='ocrx_word' id='word_1_79' title='bbox 1101 1773 1374 1822; x_wconf 68' lang='lat' dir='ltr'><strong>spemn</strong></span> <span class='ocrx_word' id='word_1_80' title='bbox 1425 1773 1552 1822; x_wconf 76' lang='lat' dir='ltr'>st</span> <span class='ocrx_word' id='word_1_81' title='bbox 1599 1773 2041 1832; x_wconf 71' lang='lat' dir='ltr'>VETERISQVE</span> <span class='ocrx_word' id='word_1_82' title='bbox 2084 1773 2205 1820; x_wconf 83' lang='lat' dir='ltr'><strong>DEI</strong></span> <span class='ocrx_word' id='word_1_83' title='bbox 2256 1773 2333 1822; x_wconf 77' lang='lat' dir='ltr'><strong>sn</strong></span> <span class='ocrx_word' id='word_1_84' title='bbox 2374 1771 2565 1820; x_wconf 71' lang='lat' dir='ltr'><strong>monn</strong></span> <span class='ocrx_word' id='word_1_85' title='bbox 2618 1773 3001 1820; x_wconf 80' lang='lat' dir='ltr'>TENENTEM</span> <span class='ocrx_word' id='word_1_86' title='bbox 3044 1755 3259 1818; x_wconf 84' lang='lat' dir='ltr'><strong>Xeno-</strong></span> 
     </span>
     <span class='ocr_line' id='line_1_12' title="bbox 699 1863 3259 1950; baseline 0 -24"><span class='ocrx_word' id='word_1_87' title='bbox 699 1863 904 1926; x_wconf 88' lang='lat' dir='ltr'><strong>cratis</strong></span> <span class='ocrx_word' id='word_1_88' title='bbox 939 1865 1044 1926; x_wconf 89' lang='lat' dir='ltr'><strong>est</strong></span> <span class='ocrx_word' id='word_1_89' title='bbox 1077 1863 1228 1926; x_wconf 77' lang='lat' dir='ltr'><strong>hoc:</strong></span> <span class='ocrx_word' id='word_1_90' title='bbox 1277 1863 1390 1946; x_wconf 85' lang='lat' dir='ltr'><strong>qui</strong></span> <span class='ocrx_word' id='word_1_91' title='bbox 1435 1885 1578 1926; x_wconf 87' lang='lat' dir='ltr'><strong>cum</strong></span> <span class='ocrx_word' id='word_1_92' title='bbox 1625 1865 1872 1950; x_wconf 87' lang='lat' dir='ltr'><strong>primus</strong></span> <span class='ocrx_word' id='word_1_93' title='bbox 1919 1863 2371 1946; x_wconf 83' lang='lat' dir='ltr'>philosophiae</span> <span class='ocrx_word' id='word_1_94' title='bbox 2410 1863 2653 1926; x_wconf 87' lang='lat' dir='ltr'><strong>scolam</strong></span> <span class='ocrx_word' id='word_1_95' title='bbox 2688 1863 3071 1948; x_wconf 86' lang='lat' dir='ltr'><strong>aperuisset,</strong></span> <span class='ocrx_word' id='word_1_96' title='bbox 3112 1885 3259 1926; x_wconf 87' lang='lat' dir='ltr'><strong>cum</strong></span> 
     </span>
     <span class='ocr_line' id='line_1_13' title="bbox 701 1965 3263 2054; baseline -0 -22"><span class='ocrx_word' id='word_1_97' title='bbox 701 1971 896 2032; x_wconf 88' lang='lat' dir='ltr'><strong>antea</strong></span> <span class='ocrx_word' id='word_1_98' title='bbox 939 1967 1012 2030; x_wconf 90' lang='lat' dir='ltr'><strong>in</strong></span> <span class='ocrx_word' id='word_1_99' title='bbox 1047 1967 1410 2052; x_wconf 90' lang='lat' dir='ltr'><strong>porticibus</strong></span> <span class='ocrx_word' id='word_1_100' title='bbox 1449 1965 1528 2032; x_wconf 88' lang='lat' dir='ltr'><strong>de</strong></span> <span class='ocrx_word' id='word_1_101' title='bbox 1563 1967 1979 2054; x_wconf 86' lang='lat' dir='ltr'><strong>philosophia</strong></span> <span class='ocrx_word' id='word_1_102' title='bbox 2024 1971 2437 2052; x_wconf 72' lang='lat' dir='ltr'><strong>tractaretur,</strong></span> <span class='ocrx_word' id='word_1_103' title='bbox 2486 1971 2551 2032; x_wconf 89' lang='lat' dir='ltr'><strong>et</strong></span> <span class='ocrx_word' id='word_1_104' title='bbox 2586 1969 3031 2054; x_wconf 83' lang='lat' dir='ltr'><strong>interrogatus</strong></span> <span class='ocrx_word' id='word_1_105' title='bbox 3070 1973 3263 2052; x_wconf 87' lang='lat' dir='ltr'><strong>esset,</strong></span> 
     </span>
     <span class='ocr_line' id='line_1_14' title="bbox 701 2073 3259 2160; baseline -0 -20"><span class='ocrx_word' id='word_1_106' title='bbox 701 2073 852 2158; x_wconf 86' lang='lat' dir='ltr'><strong>quid</strong></span> <span class='ocrx_word' id='word_1_107' title='bbox 901 2079 1226 2158; x_wconf 86' lang='lat' dir='ltr'><strong>praestare</strong></span> <span class='ocrx_word' id='word_1_108' title='bbox 1275 2077 1500 2156; x_wconf 88' lang='lat' dir='ltr'><strong>posset</strong></span> <span class='ocrx_word' id='word_1_109' title='bbox 1545 2073 1878 2160; x_wconf 83' lang='lat' dir='ltr'>discipulis</span> <span class='ocrx_word' id='word_1_110' title='bbox 1925 2075 2089 2158; x_wconf 87' lang='lat' dir='ltr'><strong>suis,</strong></span> <span class='ocrx_word' id='word_1_111' title='bbox 2144 2075 2501 2160; x_wconf 88' lang='lat' dir='ltr'><strong>respondit,</strong></span> <span class='ocrx_word' id='word_1_112' title='bbox 2544 2079 2621 2140; x_wconf 84' lang='lat' dir='ltr'><strong>ut</strong></span> <span class='ocrx_word' id='word_1_113' title='bbox 2664 2075 2733 2140; x_wconf 85' lang='lat' dir='ltr'><strong>id</strong></span> <span class='ocrx_word' id='word_1_114' title='bbox 2778 2077 3117 2142; x_wconf 82' lang='lat' dir='ltr'><strong>voluntate</strong></span> <span class='ocrx_word' id='word_1_115' title='bbox 3160 2075 3259 2138; x_wconf 86' lang='lat' dir='ltr'><strong>fa-</strong></span> 
     </span>
     <span class='ocr_line' id='line_1_15' title="bbox 699 2179 3261 2266; baseline 0 -22"><span class='ocrx_word' id='word_1_116' title='bbox 699 2181 876 2244; x_wconf 81' lang='lat' dir='ltr'><strong>ciant</strong></span> <span class='ocrx_word' id='word_1_117' title='bbox 933 2179 1122 2262; x_wconf 81' lang='lat' dir='ltr'><strong>quod.</strong></span> <span class='ocrx_word' id='word_1_118' title='bbox 1161 2179 1276 2244; x_wconf 90' lang='lat' dir='ltr'><strong>alii</strong></span> <span class='ocrx_word' id='word_1_119' title='bbox 1327 2181 1466 2256; x_wconf 81' lang='lat' dir='ltr'><strong>iure</strong></span> <span class='ocrx_word' id='word_1_120' title='bbox 1527 2185 1868 2264; x_wconf 86' lang='lat' dir='ltr'><strong>coguntur.</strong></span> <span class='ocrx_word' id='word_1_121' title='bbox 2046 2197 2337 2244; x_wconf 81' lang='lat' dir='ltr'>VETERIS</span> <span class='ocrx_word' id='word_1_122' title='bbox 2402 2183 2675 2266; x_wconf 86' lang='lat' dir='ltr'><strong>antiqui,</strong></span> <span class='ocrx_word' id='word_1_123' title='bbox 2742 2205 2815 2246; x_wconf 88' lang='lat' dir='ltr'><strong>ac</strong></span> <span class='ocrx_word' id='word_1_124' title='bbox 2884 2181 2935 2246; x_wconf 92' lang='lat' dir='ltr'><strong>si</strong></span> <span class='ocrx_word' id='word_1_125' title='bbox 3002 2181 3261 2266; x_wconf 88' lang='lat' dir='ltr'><strong>diceret,</strong></span> 
     </span>
     <span class='ocr_line' id='line_1_16' title="bbox 601 2287 1832 2370; baseline 0 -18"><span class='ocrx_word' id='word_1_126' title='bbox 601 2305 666 2352; x_wconf 81' lang='lat'><strong>15</strong></span> <span class='ocrx_word' id='word_1_127' title='bbox 703 2287 880 2352; x_wconf 86' lang='lat' dir='ltr'><strong>aurei</strong></span> <span class='ocrx_word' id='word_1_128' title='bbox 927 2287 1166 2350; x_wconf 89' lang='lat' dir='ltr'><strong>saeculi</strong></span> <span class='ocrx_word' id='word_1_129' title='bbox 1209 2287 1494 2370; x_wconf 79' lang='lat' dir='ltr'>imagine</span> <span class='ocrx_word' id='word_1_130' title='bbox 1541 2289 1832 2352; x_wconf 81' lang='lat' dir='ltr'><strong>vivimus.</strong></span> 
     </span>
     <span class='ocr_line' id='line_1_17' title="bbox 877 2393 3261 2480; baseline 0 -22"><span class='ocrx_word' id='word_1_131' title='bbox 877 2393 1028 2458; x_wconf 84' lang='lat'>205.</span> <span class='ocrx_word' id='word_1_132' title='bbox 1099 2409 1290 2458; x_wconf 75' lang='lat' dir='ltr'>FAMA</span> <span class='ocrx_word' id='word_1_133' title='bbox 1323 2409 1454 2456; x_wconf 76' lang='lat' dir='ltr'><strong>EST</strong></span> <span class='ocrx_word' id='word_1_134' title='bbox 1497 2411 1890 2460; x_wconf 77' lang='lat' dir='ltr'>OBSCVRIOR</span> <span class='ocrx_word' id='word_1_135' title='bbox 1925 2411 2133 2460; x_wconf 74' lang='lat' dir='ltr'>ANNIS</span> <span class='ocrx_word' id='word_1_136' title='bbox 2182 2415 2257 2460; x_wconf 90' lang='lat' dir='ltr'><strong>ac</strong></span> <span class='ocrx_word' id='word_1_137' title='bbox 2302 2395 2359 2458; x_wconf 89' lang='lat' dir='ltr'><strong>si</strong></span> <span class='ocrx_word' id='word_1_138' title='bbox 2406 2395 2671 2480; x_wconf 86' lang='lat' dir='ltr'><strong>diceret,</strong></span> <span class='ocrx_word' id='word_1_139' title='bbox 2716 2395 2845 2460; x_wconf 86' lang='lat' dir='ltr'><strong>nisi</strong></span> <span class='ocrx_word' id='word_1_140' title='bbox 2884 2397 3077 2478; x_wconf 86' lang='lat' dir='ltr'><strong>esset,</strong></span> <span class='ocrx_word' id='word_1_141' title='bbox 3124 2395 3261 2460; x_wconf 87' lang='lat' dir='ltr'><strong>iam</strong></span> 
     </span>
     <span class='ocr_line' id='line_1_18' title="bbox 699 2501 1134 2566; baseline 0.005 -2"><span class='ocrx_word' id='word_1_142' title='bbox 699 2523 816 2566; x_wconf 85' lang='lat' dir='ltr'><strong>vos</strong></span> <span class='ocrx_word' id='word_1_143' title='bbox 867 2501 1134 2566; x_wconf 76' lang='lat' dir='ltr'><strong>sciretis·</strong></span> 
     </span>
     <span class='ocr_line' id='line_1_19' title="bbox 879 2607 3261 2694; baseline -0.001 -22"><span class='ocrx_word' id='word_1_144' title='bbox 879 2609 1026 2672; x_wconf 81' lang='lat'>206.</span> <span class='ocrx_word' id='word_1_145' title='bbox 1099 2625 1468 2674; x_wconf 81' lang='lat' dir='ltr'>AVRVNOOS</span> <span class='ocrx_word' id='word_1_146' title='bbox 1517 2627 1640 2674; x_wconf 83' lang='grc' dir='ltr'><strong>ῙΤΑ</strong></span> <span class='ocrx_word' id='word_1_147' title='bbox 1683 2621 1908 2674; x_wconf 76' lang='lat' dir='ltr'>FERRE</span> <span class='ocrx_word' id='word_1_148' title='bbox 1964 2625 2179 2676; x_wconf 81' lang='lat' dir='ltr'>SENES</span> <span class='ocrx_word' id='word_1_149' title='bbox 2232 2609 2405 2694; x_wconf 84' lang='lat' dir='ltr'><strong>apud</strong></span> <span class='ocrx_word' id='word_1_150' title='bbox 2458 2611 2707 2674; x_wconf 83' lang='lat' dir='ltr'><strong>veteres</strong></span> <span class='ocrx_word' id='word_1_151' title='bbox 2764 2607 3077 2672; x_wconf 82' lang='lat' dir='ltr'><strong>historiae</strong></span> <span class='ocrx_word' id='word_1_152' title='bbox 3134 2607 3261 2674; x_wconf 90' lang='lat' dir='ltr'><strong>hoc</strong></span> 
     </span>
     <span class='ocr_line' id='line_1_20' title="bbox 699 2715 3263 2808; baseline 0.001 -30"><span class='ocrx_word' id='word_1_153' title='bbox 699 2735 906 2808; x_wconf 82' lang='lat' dir='ltr'><strong>genus</strong></span> <span class='ocrx_word' id='word_1_154' title='bbox 951 2715 1104 2800; x_wconf 84' lang='lat' dir='ltr'><strong>fuit,</strong></span> <span class='ocrx_word' id='word_1_155' title='bbox 1153 2717 1222 2778; x_wconf 89' lang='lat' dir='ltr'><strong>ut</strong></span> <span class='ocrx_word' id='word_1_156' title='bbox 1271 2715 1548 2782; x_wconf 86' lang='lat' dir='ltr'><strong>maiores</strong></span> <span class='ocrx_word' id='word_1_157' title='bbox 1593 2721 1758 2782; x_wconf 89' lang='lat' dir='ltr'><strong>natu</strong></span> <span class='ocrx_word' id='word_1_158' title='bbox 1797 2721 1944 2780; x_wconf 86' lang='lat' dir='ltr'><strong>ante</strong></span> <span class='ocrx_word' id='word_1_159' title='bbox 1986 2721 2133 2782; x_wconf 83' lang='lat' dir='ltr'><strong>acta</strong></span> <span class='ocrx_word' id='word_1_160' title='bbox 2174 2715 2455 2800; x_wconf 82' lang='lat' dir='ltr'><strong>posteris</strong></span> <span class='ocrx_word' id='word_1_161' title='bbox 2504 2715 2889 2780; x_wconf 87' lang='lat' dir='ltr'><strong>indicarent:</strong></span> <span class='ocrx_word' id='word_1_162' title='bbox 2934 2715 3107 2800; x_wconf 86' lang='lat' dir='ltr'><strong>quod</strong></span> <span class='ocrx_word' id='word_1_163' title='bbox 3154 2715 3263 2780; x_wconf 91' lang='lat' dir='ltr'><strong>hic</strong></span> 
     </span>
     <span class='ocr_line' id='line_1_21' title="bbox 597 2819 3265 2908; baseline -0.001 -20"><span class='ocrx_word' id='word_1_164' title='bbox 597 2841 670 2888; x_wconf 83' lang='lat'><strong>20</strong></span> <span class='ocrx_word' id='word_1_165' title='bbox 705 2821 950 2886; x_wconf 89' lang='lat' dir='ltr'><strong>indicat</strong></span> <span class='ocrx_word' id='word_1_166' title='bbox 1007 2823 1216 2904; x_wconf 78' lang='lat' dir='ltr'><strong>locUS,</strong></span> <span class='ocrx_word' id='word_1_167' title='bbox 1275 2819 1572 2888; x_wconf 86' lang='lat' dir='ltr'><strong>Lucanus</strong></span> <span class='ocrx_word' id='word_1_168' title='bbox 1631 2823 1944 2908; x_wconf 75' lang='lat' dir='ltr'><strong>apertius,</strong></span> <span class='ocrx_word' id='word_1_169' title='bbox 2006 2845 2153 2886; x_wconf 87' lang='lat' dir='ltr'><strong>cum</strong></span> <span class='ocrx_word' id='word_1_170' title='bbox 2206 2825 2377 2886; x_wconf 90' lang='lat' dir='ltr'><strong>essct</strong></span> <span class='ocrx_word' id='word_1_171' title='bbox 2430 2821 2509 2886; x_wconf 87' lang='lat' dir='ltr'><strong>de</strong></span> <span class='ocrx_word' id='word_1_172' title='bbox 2554 2819 2809 2886; x_wconf 83' lang='lat' dir='ltr'><strong>Antaeo</strong></span> <span class='ocrx_word' id='word_1_173' title='bbox 2866 2825 3265 2906; x_wconf 60' lang='lat' dir='ltr'><strong>narraturus„</strong></span> 
     </span>
     <span class='ocr_line' id='line_1_22' title="bbox 701 2927 3263 3012; baseline 0.001 -20"><span class='ocrx_word' id='word_1_174' title='bbox 701 2929 798 2992; x_wconf 89' lang='lat' dir='ltr'><strong>ait</strong></span> <span class='ocrx_word' id='word_1_175' title='bbox 833 2927 972 3012; x_wconf 85' lang='lat' dir='ltr'><strong>&lt;IV</strong></span> <span class='ocrx_word' id='word_1_176' title='bbox 1005 2927 1180 3012; x_wconf 81' lang='lat'>592&gt;</span> <span class='ocrx_word' id='word_1_177' title='bbox 1227 2929 1550 3012; x_wconf 83' lang='lat' dir='ltr'><strong>cognita</strong></span> <span class='ocrx_word' id='word_1_178' title='bbox 1591 2951 1726 3012; x_wconf 90' lang='lat' dir='ltr'><strong>per</strong></span> <span class='ocrx_word' id='word_1_179' title='bbox 1763 2931 2047 2994; x_wconf 82' lang='lat' dir='ltr'><strong>multos</strong></span> <span class='ocrx_word' id='word_1_180' title='bbox 2092 2929 2355 2994; x_wconf 86' lang='lat' dir='ltr'><strong>docuit</strong></span> <span class='ocrx_word' id='word_1_181' title='bbox 2400 2929 2615 2992; x_wconf 88' lang='lat' dir='ltr'><strong>rudis</strong></span> <span class='ocrx_word' id='word_1_182' title='bbox 2660 2929 2919 2994; x_wconf 89' lang='lat' dir='ltr'><strong>incola</strong></span> <span class='ocrx_word' id='word_1_183' title='bbox 2962 2931 3263 3012; x_wconf 86' lang='lat' dir='ltr'><strong>patres:</strong></span> 
     </span>
     <span class='ocr_line' id='line_1_23' title="bbox 705 3033 3265 3120; baseline 0 -22"><span class='ocrx_word' id='word_1_184' title='bbox 705 3035 856 3120; x_wconf 86' lang='lat' dir='ltr'><strong>quia</strong></span> <span class='ocrx_word' id='word_1_185' title='bbox 913 3033 1120 3098; x_wconf 89' lang='lat' dir='ltr'><strong>adhuc</strong></span> <span class='ocrx_word' id='word_1_186' title='bbox 1173 3057 1296 3098; x_wconf 88' lang='lat' dir='ltr'><strong>nec</strong></span> <span class='ocrx_word' id='word_1_187' title='bbox 1349 3037 1614 3100; x_wconf 85' lang='lat' dir='ltr'><strong>annales</strong></span> <span class='ocrx_word' id='word_1_188' title='bbox 1671 3039 1854 3102; x_wconf 89' lang='lat' dir='ltr'><strong>erant</strong></span> <span class='ocrx_word' id='word_1_189' title='bbox 1909 3057 2029 3102; x_wconf 92' lang='lat' dir='ltr'><strong>nec</strong></span> <span class='ocrx_word' id='word_1_190' title='bbox 2070 3035 2407 3102; x_wconf 86' lang='lat' dir='ltr'><strong>historiae.</strong></span> <span class='ocrx_word' id='word_1_191' title='bbox 2496 3035 2785 3100; x_wconf 84' lang='lat' dir='ltr'><strong>Aurunci</strong></span> <span class='ocrx_word' id='word_1_192' title='bbox 2828 3057 2981 3100; x_wconf 82' lang='lat' dir='ltr'><strong>vero</strong></span> <span class='ocrx_word' id='word_1_193' title='bbox 3028 3035 3265 3100; x_wconf 87' lang='lat' dir='ltr'><strong>Italiae</strong></span> 
     </span>
     <span class='ocr_line' id='line_1_24' title="bbox 701 3123 3265 3228; baseline -0 -22"><span class='ocrx_word' id='word_1_194' title='bbox 701 3141 930 3226; x_wconf 88' lang='lat' dir='ltr'><strong>populi</strong></span> <span class='ocrx_word' id='word_1_195' title='bbox 985 3139 1428 3224; x_wconf 84' lang='lat' dir='ltr'><strong>antiquissimi</strong></span> <span class='ocrx_word' id='word_1_196' title='bbox 1479 3139 1760 3206; x_wconf 85' lang='lat' dir='ltr'><strong>fuerunt.</strong></span> <span class='ocrx_word' id='word_1_197' title='bbox 1851 3137 2083 3204; x_wconf 71' lang='lat' dir='ltr'><strong>‘ferre&#39;</strong></span> <span class='ocrx_word' id='word_1_198' title='bbox 2136 3123 2351 3204; x_wconf 60' lang='lat' dir='ltr'><strong>auten‘l</strong></span> <span class='ocrx_word' id='word_1_199' title='bbox 2400 3139 2585 3228; x_wconf 85' lang='lat' dir='ltr'><strong>quasi</strong></span> <span class='ocrx_word' id='word_1_200' title='bbox 2634 3163 2779 3228; x_wconf 84' lang='lat' dir='ltr'><strong>cum</strong></span> <span class='ocrx_word' id='word_1_201' title='bbox 2824 3141 3265 3204; x_wconf 84' lang='lat' dir='ltr'><strong>ostentatione</strong></span> 
     </span>
     <span class='ocr_line' id='line_1_25' title="bbox 701 3231 2879 3312; baseline 0 0"><span class='ocrx_word' id='word_1_202' title='bbox 701 3249 964 3312; x_wconf 88' lang='lat' dir='ltr'><strong>iactare.</strong></span> <span class='ocrx_word' id='word_1_203' title='bbox 2876 3231 2879 3234; x_wconf 28' lang='lat'><strong>⁴</strong></span> 
     </span>
     <span class='ocr_line' id='line_1_26' title="bbox 597 3351 3267 3438; baseline -0 -17"><span class='ocrx_word' id='word_1_204' title='bbox 597 3373 668 3422; x_wconf 80' lang='lat'><strong>25</strong></span> <span class='ocrx_word' id='word_1_205' title='bbox 885 3355 1034 3420; x_wconf 84' lang='lat'>207.</span> <span class='ocrx_word' id='word_1_206' title='bbox 1103 3371 1488 3420; x_wconf 78' lang='lat' dir='ltr'>DARDANVS</span> <span class='ocrx_word' id='word_1_207' title='bbox 1543 3353 1838 3438; x_wconf 88' lang='lat' dir='ltr'><strong>Iuppiter</strong></span> <span class='ocrx_word' id='word_1_208' title='bbox 1891 3375 2037 3420; x_wconf 85' lang='lat' dir='ltr'><strong>curn</strong></span> <span class='ocrx_word' id='word_1_209' title='bbox 2086 3353 2381 3438; x_wconf 84' lang='lat' dir='ltr'><strong>Electra,</strong></span> <span class='ocrx_word' id='word_1_210' title='bbox 2434 3351 2725 3420; x_wconf 82' lang='lat' dir='ltr'><strong>Atlantis</strong></span> <span class='ocrx_word' id='word_1_211' title='bbox 2782 3355 2941 3438; x_wconf 84' lang='lat' dir='ltr'><strong>filia,</strong></span> <span class='ocrx_word' id='word_1_212' title='bbox 2992 3353 3267 3438; x_wconf 79' lang='lat' dir='ltr'><strong>Corythi</strong></span> 
     </span>
     <span class='ocr_line' id='line_1_27' title="bbox 703 3459 3265 3552; baseline 0 -26"><span class='ocrx_word' id='word_1_213' title='bbox 703 3463 876 3548; x_wconf 80' lang='lat' dir='ltr'><strong>regis</strong></span> <span class='ocrx_word' id='word_1_214' title='bbox 925 3461 1158 3552; x_wconf 84' lang='lat' dir='ltr'><strong>Italiae</strong></span> <span class='ocrx_word' id='word_1_215' title='bbox 1203 3483 1428 3546; x_wconf 79' lang='lat' dir='ltr'><strong>uxore,</strong></span> <span class='ocrx_word' id='word_1_216' title='bbox 1473 3462 1836 3528; x_wconf 77' lang='lat' dir='ltr'><strong>concubuit.</strong></span> <span class='ocrx_word' id='word_1_217' title='bbox 1923 3462 2045 3525; x_wconf 85' lang='lat' dir='ltr'><strong>sed·</strong></span> <span class='ocrx_word' id='word_1_218' title='bbox 2080 3483 2161 3526; x_wconf 83' lang='lat' dir='ltr'><strong>ex</strong></span> <span class='ocrx_word' id='word_1_219' title='bbox 2204 3461 2381 3528; x_wconf 85' lang='lat' dir='ltr'><strong>Iovis</strong></span> <span class='ocrx_word' id='word_1_220' title='bbox 2430 3463 2671 3528; x_wconf 87' lang='lat' dir='ltr'><strong>semine</strong></span> <span class='ocrx_word' id='word_1_221' title='bbox 2714 3465 2911 3528; x_wconf 86' lang='lat' dir='ltr'><strong>natus</strong></span> <span class='ocrx_word' id='word_1_222' title='bbox 2958 3465 3057 3526; x_wconf 93' lang='lat' dir='ltr'><strong>est</strong></span> <span class='ocrx_word' id='word_1_223' title='bbox 3100 3459 3265 3526; x_wconf 86' lang='lat' dir='ltr'><strong>Dar-</strong></span> 
     </span>
     <span class='ocr_line' id='line_1_28' title="bbox 705 3563 3265 3654; baseline 0 -24"><span class='ocrx_word' id='word_1_224' title='bbox 705 3569 938 3652; x_wconf 83' lang='lat' dir='ltr'><strong>danus,</strong></span> <span class='ocrx_word' id='word_1_225' title='bbox 981 3591 1062 3632; x_wconf 82' lang='lat' dir='ltr'><strong>ex</strong></span> <span class='ocrx_word' id='word_1_226' title='bbox 1107 3563 1380 3652; x_wconf 79' lang='lat' dir='ltr'><strong>Corythi</strong></span> <span class='ocrx_word' id='word_1_227' title='bbox 1431 3567 1658 3635; x_wconf 81' lang='lat' dir='ltr'><strong>Iasius,</strong></span> <span class='ocrx_word' id='word_1_228' title='bbox 1737 3567 2085 3634; x_wconf 85' lang='lat' dir='ltr'><strong>Dardanus</strong></span> <span class='ocrx_word' id='word_1_229' title='bbox 2134 3569 2461 3652; x_wconf 85' lang='lat' dir='ltr'><strong>profectus</strong></span> <span class='ocrx_word' id='word_1_230' title='bbox 2512 3569 2591 3632; x_wconf 88' lang='lat' dir='ltr'><strong>ad</strong></span> <span class='ocrx_word' id='word_1_231' title='bbox 2640 3569 3023 3654; x_wconf 77' lang='lat' dir='ltr'><strong>Phrygiam,</strong></span> <span class='ocrx_word' id='word_1_232' title='bbox 3066 3567 3265 3632; x_wconf 88' lang='lat' dir='ltr'><strong>Ilium</strong></span> 
     </span>
    </p>
   </div>
   <div class='ocr_carea' id='block_1_3' title="bbox 709 3711 1136 3718">
    <p class='ocr_par' dir='ltr' id='par_1_3' title="bbox 709 3711 1136 3718">
     <span class='ocr_line' id='line_1_29' title="bbox 709 3711 1136 3718; baseline 0 0"><span class='ocrx_word' id='word_1_233' title='bbox 709 3711 1136 3718; x_wconf 95' lang='lat' dir='ltr'><strong> </strong></span> 
     </span>
    </p>
   </div>
   <div class='ocr_carea' id='block_1_4' title="bbox 705 3795 3261 3926">
    <p class='ocr_par' dir='ltr' id='par_1_4' title="bbox 705 3785 3261 3926">
     <span class='ocr_line' id='line_1_30' title="bbox 745 3795 3261 3870; baseline -0.001 -18"><span class='ocrx_word' id='word_1_234' title='bbox 745 3819 748 3822; x_wconf 48' lang='lat'><strong>⁴</strong></span> <span class='ocrx_word' id='word_1_235' title='bbox 847 3803 882 3852; x_wconf 86' lang='lat'>4</span> <span class='ocrx_word' id='word_1_236' title='bbox 921 3796 1202 3852; x_wconf 85' lang='lat' dir='ltr'><strong>caerulum</strong></span> <span class='ocrx_word' id='word_1_237' title='bbox 1243 3837 1254 3848; x_wconf 94' lang='lat'><strong>.</strong></span> <span class='ocrx_word' id='word_1_238' title='bbox 1289 3839 1302 3852; x_wconf 88' lang='lat'><strong><em>.</em></strong></span> <span class='ocrx_word' id='word_1_239' title='bbox 1331 3841 1342 3852; x_wconf 91' lang='lat'><strong>.</strong></span> <span class='ocrx_word' id='word_1_240' title='bbox 1375 3797 1554 3868; x_wconf 78' lang='lat' dir='ltr'><strong>mare]</strong></span> <span class='ocrx_word' id='word_1_241' title='bbox 1589 3813 1764 3854; x_wconf 83' lang='lat' dir='ltr'><strong>exscr.</strong></span> <span class='ocrx_word' id='word_1_242' title='bbox 1805 3795 1934 3852; x_wconf 86' lang='lat' dir='ltr'><strong>Isid.</strong></span> <span class='ocrx_word' id='word_1_243' title='bbox 1972 3815 2053 3852; x_wconf 88' lang='lat' dir='ltr'><strong>or.</strong></span> <span class='ocrx_word' id='word_1_244' title='bbox 2086 3795 2193 3852; x_wconf 86' lang='lat' dir='ltr'><strong>XII</strong></span> <span class='ocrx_word' id='word_1_245' title='bbox 2230 3805 2281 3870; x_wconf 82' lang='grc'><strong>6,</strong></span> <span class='ocrx_word' id='word_1_246' title='bbox 2320 3801 2435 3868; x_wconf 87' lang='grc'><strong>1011</strong></span> <span class='ocrx_word' id='word_1_247' title='bbox 2464 3801 2533 3852; x_wconf 86' lang='grc'><strong>18</strong></span> <span class='ocrx_word' id='word_1_248' title='bbox 2568 3797 2719 3868; x_wconf 83' lang='lat' dir='ltr'><strong>apud</strong></span> <span class='ocrx_word' id='word_1_249' title='bbox 2758 3797 2973 3852; x_wconf 83' lang='lat' dir='ltr'><strong>veteres</strong></span> <span class='ocrx_word' id='word_1_250' title='bbox 3014 3813 3059 3854; x_wconf 81' lang='lat' dir='ltr'><strong>e.</strong></span> <span class='ocrx_word' id='word_1_251' title='bbox 3098 3813 3153 3864; x_wconf 88' lang='lat' dir='ltr'><strong>q.</strong></span> <span class='ocrx_word' id='word_1_252' title='bbox 3190 3797 3261 3868; x_wconf 85' lang='lat' dir='ltr'><strong>s.]</strong></span> 
     </span>
     <span class='ocr_line' id='line_1_31' title="bbox 705 3867 1548 3926; baseline 0 -2"><span class='ocrx_word' id='word_1_253' title='bbox 705 3885 876 3924; x_wconf 80' lang='lat' dir='ltr'><strong>exscr.</strong></span> <span class='ocrx_word' id='word_1_254' title='bbox 919 3869 1052 3926; x_wconf 88' lang='lat' dir='ltr'><strong>Luc.</strong></span> <span class='ocrx_word' id='word_1_255' title='bbox 1089 3885 1290 3924; x_wconf 85' lang='lat' dir='ltr'><strong>comm.</strong></span> <span class='ocrx_word' id='word_1_256' title='bbox 1329 3867 1408 3922; x_wconf 88' lang='lat' dir='ltr'><strong>IV</strong></span> <span class='ocrx_word' id='word_1_257' title='bbox 1445 3873 1548 3924; x_wconf 82' lang='lat'><strong>592</strong></span> 
     </span>
    </p>
   </div>
   <div class='ocr_carea' id='block_1_5' title="bbox 847 3999 1132 4008">
    <p class='ocr_par' dir='ltr' id='par_1_5' title="bbox 847 3999 1132 4008">
     <span class='ocr_line' id='line_1_32' title="bbox 847 3999 1132 4008; baseline 0 1776"><span class='ocrx_word' id='word_1_258' title='bbox 847 3999 1132 4008; x_wconf 95' lang='lat' dir='ltr'><strong> </strong></span> 
     </span>
    </p>
   </div>
   <div class='ocr_carea' id='block_1_6' title="bbox 707 4081 3271 4298">
    <p class='ocr_par' dir='ltr' id='par_1_6' title="bbox 707 4081 3271 4298">
     <span class='ocr_line' id='line_1_33' title="bbox 727 4081 3271 4158; baseline -0.002 -20"><span class='ocrx_word' id='word_1_259' title='bbox 727 4147 730 4150; x_wconf 15' lang='lat'><strong>⁴</strong></span> <span class='ocrx_word' id='word_1_260' title='bbox 849 4091 882 4138; x_wconf 79' lang='lat'>2</span> <span class='ocrx_word' id='word_1_261' title='bbox 921 4083 1142 4154; x_wconf 87' lang='lat' dir='ltr'><strong>petistis</strong></span> <span class='ocrx_word' id='word_1_262' title='bbox 1181 4083 1248 4138; x_wconf 83' lang='lat' dir='ltr'><strong><em>H</em></strong></span> <span class='ocrx_word' id='word_1_263' title='bbox 1289 4085 1308 4154; x_wconf 88' lang='grc'><strong>11</strong></span> <span class='ocrx_word' id='word_1_264' title='bbox 1359 4089 1394 4138; x_wconf 88' lang='lat'><strong>3</strong></span> <span class='ocrx_word' id='word_1_265' title='bbox 1437 4083 1672 4140; x_wconf 78' lang='lat' dir='ltr'><strong>adduxit</strong></span> <span class='ocrx_word' id='word_1_266' title='bbox 1707 4085 1770 4138; x_wconf 80' lang='lat' dir='ltr'>F</span> <span class='ocrx_word' id='word_1_267' title='bbox 1807 4087 1826 4154; x_wconf 92' lang='grc'><strong>11</strong></span> <span class='ocrx_word' id='word_1_268' title='bbox 1879 4091 1916 4140; x_wconf 88' lang='grc'>4</span> <span class='ocrx_word' id='word_1_269' title='bbox 1947 4087 2019 4138; x_wconf 89' lang='lat' dir='ltr'><strong>ut</strong></span> <span class='ocrx_word' id='word_1_270' title='bbox 2052 4085 2161 4156; x_wconf 89' lang='lat' dir='ltr'><strong>est]</strong></span> <span class='ocrx_word' id='word_1_271' title='bbox 2206 4083 2269 4140; x_wconf 89' lang='lat' dir='ltr'><strong>id</strong></span> <span class='ocrx_word' id='word_1_272' title='bbox 2306 4087 2389 4140; x_wconf 87' lang='lat' dir='ltr'><strong>est</strong></span> <span class='ocrx_word' id='word_1_273' title='bbox 2426 4083 2551 4138; x_wconf 84' lang='lat' dir='ltr'><strong>LH</strong></span> <span class='ocrx_word' id='word_1_274' title='bbox 2592 4085 2611 4158; x_wconf 87' lang='grc'><strong>11</strong></span> <span class='ocrx_word' id='word_1_275' title='bbox 2666 4089 2697 4138; x_wconf 83' lang='grc'>5</span> <span class='ocrx_word' id='word_1_276' title='bbox 2748 4083 2821 4138; x_wconf 83' lang='lat' dir='ltr'><strong>ad</strong></span> <span class='ocrx_word' id='word_1_277' title='bbox 2860 4097 3103 4138; x_wconf 86' lang='lat' dir='ltr'><strong>errorem</strong></span> <span class='ocrx_word' id='word_1_278' title='bbox 3140 4083 3199 4134; x_wconf 79' lang='lat' dir='ltr'><em>F</em></span> <span class='ocrx_word' id='word_1_279' title='bbox 3250 4081 3271 4154; x_wconf 87' lang='grc'><strong>11</strong></span> 
     </span>
     <span class='ocr_line' id='line_1_34' title="bbox 711 4155 3269 4224; baseline -0.001 -14"><span class='ocrx_word' id='word_1_280' title='bbox 711 4163 740 4210; x_wconf 86' lang='grc'>6</span> <span class='ocrx_word' id='word_1_281' title='bbox 781 4173 1082 4218; x_wconf 68' lang='lat' dir='ltr'><strong>Pomvsovn</strong></span> <span class='ocrx_word' id='word_1_282' title='bbox 1119 4157 1176 4208; x_wconf 87' lang='lat' dir='ltr'><strong><em>A</em></strong></span> <span class='ocrx_word' id='word_1_283' title='bbox 1215 4157 1232 4224; x_wconf 87' lang='grc'><strong>11</strong></span> <span class='ocrx_word' id='word_1_284' title='bbox 1279 4155 1398 4210; x_wconf 81' lang='lat' dir='ltr'><strong>illic</strong></span> <span class='ocrx_word' id='word_1_285' title='bbox 1437 4173 1536 4210; x_wconf 85' lang='lat' dir='ltr'><strong>om.</strong></span> <span class='ocrx_word' id='word_1_286' title='bbox 1575 4155 1686 4210; x_wconf 82' lang='lat' dir='ltr'><strong>AS</strong></span> <span class='ocrx_word' id='word_1_287' title='bbox 1721 4159 1894 4224; x_wconf 72' lang='lat' dir='ltr'><strong>(supr.</strong></span> <span class='ocrx_word' id='word_1_288' title='bbox 1933 4173 2065 4210; x_wconf 69' lang='lat' dir='ltr'><strong>ver-3.</strong></span> <span class='ocrx_word' id='word_1_289' title='bbox 2104 4159 2231 4212; x_wconf 76' lang='lat' dir='ltr'><strong>add.</strong></span> <span class='ocrx_word' id='word_1_290' title='bbox 2272 4157 2347 4224; x_wconf 86' lang='lat' dir='ltr'><strong>a),</strong></span> <span class='ocrx_word' id='word_1_291' title='bbox 2390 4157 2487 4212; x_wconf 76' lang='lat' dir='ltr'><strong>del.</strong></span> <span class='ocrx_word' id='word_1_292' title='bbox 2530 4157 2573 4210; x_wconf 77' lang='lat' dir='ltr'><strong>l&#39;:</strong></span> <span class='ocrx_word' id='word_1_293' title='bbox 2608 4157 2839 4222; x_wconf 77' lang='lat' dir='ltr'><strong>fortasse</strong></span> <span class='ocrx_word' id='word_1_294' title='bbox 2876 4159 3017 4208; x_wconf 75' lang='lat' dir='ltr'><strong>reete</strong></span> <span class='ocrx_word' id='word_1_295' title='bbox 3056 4155 3073 4224; x_wconf 94' lang='grc'><strong>11</strong></span> <span class='ocrx_word' id='word_1_296' title='bbox 3122 4161 3153 4208; x_wconf 89' lang='lat'>8</span> <span class='ocrx_word' id='word_1_297' title='bbox 3194 4169 3269 4206; x_wconf 87' lang='lat' dir='ltr'><strong>ne</strong></span> 
     </span>
     <span class='ocr_line' id='line_1_35' title="bbox 707 4223 3267 4298; baseline -0 -20"><span class='ocrx_word' id='word_1_298' title='bbox 707 4227 978 4294; x_wconf 80' lang='lat' dir='ltr'><strong>ignoretis</strong></span> <span class='ocrx_word' id='word_1_299' title='bbox 1019 4243 1116 4280; x_wconf 85' lang='lat' dir='ltr'><strong>om.</strong></span> <span class='ocrx_word' id='word_1_300' title='bbox 1159 4227 1232 4292; x_wconf 76' lang='lat' dir='ltr'><strong>F,</strong></span> <span class='ocrx_word' id='word_1_301' title='bbox 1273 4227 1404 4282; x_wconf 81' lang='lat' dir='ltr'><strong>add.</strong></span> <span class='ocrx_word' id='word_1_302' title='bbox 1439 4227 1482 4294; x_wconf 58' lang='grc' dir='ltr'><strong>ἴ.</strong></span> <span class='ocrx_word' id='word_1_303' title='bbox 1531 4231 1550 4298; x_wconf 92' lang='grc'><strong>11</strong></span> <span class='ocrx_word' id='word_1_304' title='bbox 1591 4227 1864 4296; x_wconf 84' lang='lat' dir='ltr'><strong>ignoratis</strong></span> <span class='ocrx_word' id='word_1_305' title='bbox 1903 4227 1971 4280; x_wconf 87' lang='grc' dir='ltr'><strong>Η</strong></span> <span class='ocrx_word' id='word_1_306' title='bbox 2010 4229 2029 4296; x_wconf 94' lang='grc'><strong>11</strong></span> <span class='ocrx_word' id='word_1_307' title='bbox 2078 4233 2141 4280; x_wconf 88' lang='grc'><strong>11</strong></span> <span class='ocrx_word' id='word_1_308' title='bbox 2182 4229 2287 4280; x_wconf 91' lang='lat' dir='ltr'><strong>hoc</strong></span> <span class='ocrx_word' id='word_1_309' title='bbox 2322 4245 2423 4282; x_wconf 83' lang='lat' dir='ltr'><strong>om.</strong></span> <span class='ocrx_word' id='word_1_310' title='bbox 2460 4227 2591 4280; x_wconf 84' lang='lat' dir='ltr'><strong>LH</strong></span> <span class='ocrx_word' id='word_1_311' title='bbox 2622 4229 2791 4294; x_wconf 75' lang='lat' dir='ltr'><strong>(supr.</strong></span> <span class='ocrx_word' id='word_1_312' title='bbox 2830 4241 2961 4278; x_wconf 67' lang='lat' dir='ltr'><strong>vera</strong></span> <span class='ocrx_word' id='word_1_313' title='bbox 3004 4227 3133 4278; x_wconf 82' lang='lat' dir='ltr'><strong>add.</strong></span> <span class='ocrx_word' id='word_1_314' title='bbox 3170 4227 3207 4292; x_wconf 78' lang='lat' dir='ltr'><strong>l)</strong></span> <span class='ocrx_word' id='word_1_315' title='bbox 3250 4223 3267 4296; x_wconf 82' lang='grc'><strong>11</strong></span> 
     </span>
    </p>
   </div>
   <div class='ocr_carea' id='block_1_7' title="bbox 709 4295 3361 4368">
    <p class='ocr_par' dir='ltr' id='par_1_7' title="bbox 709 4295 3361 4368">
     <span class='ocr_line' id='line_1_36' title="bbox 709 4295 3361 4368; baseline 0.002 -20"><span class='ocrx_word' id='word_1_316' title='bbox 709 4297 1102 4366; x_wconf 85' lang='lat' dir='ltr'><strong>philosophiae</strong></span> <span class='ocrx_word' id='word_1_317' title='bbox 1139 4313 1238 4350; x_wconf 87' lang='lat' dir='ltr'><strong>om.</strong></span> <span class='ocrx_word' id='word_1_318' title='bbox 1279 4299 1474 4350; x_wconf 81' lang='lat' dir='ltr'><strong>RLH</strong></span> <span class='ocrx_word' id='word_1_319' title='bbox 1519 4301 1690 4366; x_wconf 56' lang='lat' dir='ltr'><strong>(supin</strong></span> <span class='ocrx_word' id='word_1_320' title='bbox 1725 4313 1858 4352; x_wconf 75' lang='lat' dir='ltr'><strong>vers.</strong></span> <span class='ocrx_word' id='word_1_321' title='bbox 1901 4299 2029 4350; x_wconf 79' lang='lat' dir='ltr'><strong>add.</strong></span> <span class='ocrx_word' id='word_1_322' title='bbox 2068 4299 2105 4366; x_wconf 75' lang='lat' dir='ltr'><strong>l)</strong></span> <span class='ocrx_word' id='word_1_323' title='bbox 2164 4299 2183 4366; x_wconf 92' lang='grc'><strong>11</strong></span> <span class='ocrx_word' id='word_1_324' title='bbox 2236 4315 2361 4350; x_wconf 84' lang='lat' dir='ltr'><strong>cum</strong></span> <span class='ocrx_word' id='word_1_325' title='bbox 2402 4297 2691 4352; x_wconf 75' lang='lat' dir='ltr'><strong><em>ASFzm:</em></strong></span> <span class='ocrx_word' id='word_1_326' title='bbox 2730 4295 2885 4364; x_wconf 87' lang='lat' dir='ltr'><strong>quod</strong></span> <span class='ocrx_word' id='word_1_327' title='bbox 2920 4295 3121 4348; x_wconf 83' lang='lat' dir='ltr'><strong>RLH</strong></span> <span class='ocrx_word' id='word_1_328' title='bbox 3130 4297 3201 4348; x_wconf 86' lang='lat' dir='ltr'><strong><em>M</em></strong></span> <span class='ocrx_word' id='word_1_329' title='bbox 3250 4295 3271 4368; x_wconf 84' lang='grc'><strong>11</strong></span> <span class='ocrx_word' id='word_1_330' title='bbox 3358 4351 3361 4354; x_wconf 80' lang='grc'>,</span> 
     </span>
    </p>
   </div>
   <div class='ocr_carea' id='block_1_8' title="bbox 671 4365 3271 5158">
    <p class='ocr_par' dir='ltr' id='par_1_8' title="bbox 711 4365 3271 4652">
     <span class='ocr_line' id='line_1_37' title="bbox 713 4365 3269 4438; baseline 0.001 -18"><span class='ocrx_word' id='word_1_331' title='bbox 713 4375 776 4420; x_wconf 82' lang='grc'><strong>12</strong></span> <span class='ocrx_word' id='word_1_332' title='bbox 819 4367 874 4420; x_wconf 92' lang='lat' dir='ltr'><strong>in</strong></span> <span class='ocrx_word' id='word_1_333' title='bbox 913 4367 1248 4438; x_wconf 85' lang='lat' dir='ltr'><strong>porticibus]</strong></span> <span class='ocrx_word' id='word_1_334' title='bbox 1289 4369 1388 4422; x_wconf 89' lang='lat' dir='ltr'><strong>aut</strong></span> <span class='ocrx_word' id='word_1_335' title='bbox 1425 4369 1778 4422; x_wconf 83' lang='lat' dir='ltr'><strong>ambulantes</strong></span> <span class='ocrx_word' id='word_1_336' title='bbox 1815 4371 1940 4424; x_wconf 82' lang='lat' dir='ltr'><strong>add.</strong></span> <span class='ocrx_word' id='word_1_337' title='bbox 1974 4367 2179 4422; x_wconf 70' lang='lat' dir='ltr'><strong>FGM</strong></span> <span class='ocrx_word' id='word_1_338' title='bbox 2218 4371 2237 4436; x_wconf 92' lang='grc'><strong>11</strong></span> <span class='ocrx_word' id='word_1_339' title='bbox 2284 4369 2619 4422; x_wconf 85' lang='lat' dir='ltr'><strong>tractaretur</strong></span> <span class='ocrx_word' id='word_1_340' title='bbox 2656 4365 2847 4420; x_wconf 85' lang='lat' dir='ltr'><strong>RLH</strong></span> <span class='ocrx_word' id='word_1_341' title='bbox 2856 4367 2931 4418; x_wconf 83' lang='lat' dir='ltr'><em>M</em></span> <span class='ocrx_word' id='word_1_342' title='bbox 2936 4365 3019 4418; x_wconf 84' lang='lat' dir='ltr'><strong>F:</strong></span> <span class='ocrx_word' id='word_1_343' title='bbox 3056 4367 3269 4422; x_wconf 83' lang='lat' dir='ltr'><strong>tracta-</strong></span> 
     </span>
     <span class='ocr_line' id='line_1_38' title="bbox 711 4437 3271 4508; baseline 0.001 -18"><span class='ocrx_word' id='word_1_344' title='bbox 711 4439 838 4492; x_wconf 83' lang='lat' dir='ltr'><strong>rent</strong></span> <span class='ocrx_word' id='word_1_345' title='bbox 863 4439 972 4494; x_wconf 74' lang='lat' dir='ltr'><strong>AS</strong></span> <span class='ocrx_word' id='word_1_346' title='bbox 1011 4441 1308 4508; x_wconf 85' lang='lat' dir='ltr'><strong>(tractaret</strong></span> <span class='ocrx_word' id='word_1_347' title='bbox 1333 4441 1410 4506; x_wconf 80' lang='lat' dir='ltr'><strong>a).</strong></span> <span class='ocrx_word' id='word_1_348' title='bbox 1457 4441 1590 4504; x_wconf 69' lang='lat' dir='ltr'><strong>fort.</strong></span> <span class='ocrx_word' id='word_1_349' title='bbox 1621 4459 1744 4494; x_wconf 84' lang='lat' dir='ltr'><strong>cum</strong></span> <span class='ocrx_word' id='word_1_350' title='bbox 1775 4441 1942 4508; x_wconf 83' lang='lat' dir='ltr'><strong>antea</strong></span> <span class='ocrx_word' id='word_1_351' title='bbox 1978 4437 2039 4494; x_wconf 89' lang='lat' dir='ltr'><strong>in</strong></span> <span class='ocrx_word' id='word_1_352' title='bbox 2070 4437 2377 4508; x_wconf 83' lang='lat' dir='ltr'><strong>porticibus</strong></span> <span class='ocrx_word' id='word_1_353' title='bbox 2408 4437 2763 4492; x_wconf 83' lang='lat' dir='ltr'><strong>ambulantes</strong></span> <span class='ocrx_word' id='word_1_354' title='bbox 2800 4437 2869 4490; x_wconf 87' lang='lat' dir='ltr'><strong>de</strong></span> <span class='ocrx_word' id='word_1_355' title='bbox 2906 4437 3271 4506; x_wconf 81' lang='lat' dir='ltr'><strong>philosophia</strong></span> 
     </span>
     <span class='ocr_line' id='line_1_39' title="bbox 711 4509 3263 4578; baseline -0 -16"><span class='ocrx_word' id='word_1_356' title='bbox 711 4511 1020 4566; x_wconf 75' lang='lat' dir='ltr'><strong>tractarent</strong></span> <span class='ocrx_word' id='word_1_357' title='bbox 1057 4511 1074 4578; x_wconf 93' lang='grc'><strong>11</strong></span> <span class='ocrx_word' id='word_1_358' title='bbox 1123 4517 1188 4564; x_wconf 86' lang='grc'><strong>13</strong></span> <span class='ocrx_word' id='word_1_359' title='bbox 1223 4509 1404 4578; x_wconf 84' lang='lat' dir='ltr'><strong>possit</strong></span> <span class='ocrx_word' id='word_1_360' title='bbox 1439 4509 1500 4560; x_wconf 78' lang='lat' dir='ltr'><em>F</em></span> <span class='ocrx_word' id='word_1_361' title='bbox 1523 4513 1544 4578; x_wconf 94' lang='grc'><strong>11</strong></span> <span class='ocrx_word' id='word_1_362' title='bbox 1579 4511 1866 4578; x_wconf 86' lang='lat' dir='ltr'><strong>discipulis</strong></span> <span class='ocrx_word' id='word_1_363' title='bbox 1905 4511 2015 4566; x_wconf 89' lang='lat' dir='ltr'><strong>suis</strong></span> <span class='ocrx_word' id='word_1_364' title='bbox 2052 4527 2153 4566; x_wconf 81' lang='lat' dir='ltr'><strong>om.</strong></span> <span class='ocrx_word' id='word_1_365' title='bbox 2190 4509 2323 4564; x_wconf 84' lang='lat' dir='ltr'><strong>LH</strong></span> <span class='ocrx_word' id='word_1_366' title='bbox 2352 4511 2525 4578; x_wconf 74' lang='lat' dir='ltr'><strong>(supr.</strong></span> <span class='ocrx_word' id='word_1_367' title='bbox 2560 4525 2691 4564; x_wconf 75' lang='lat' dir='ltr'><strong>vers.</strong></span> <span class='ocrx_word' id='word_1_368' title='bbox 2734 4509 2861 4562; x_wconf 81' lang='lat' dir='ltr'><strong>add.</strong></span> <span class='ocrx_word' id='word_1_369' title='bbox 2904 4509 2971 4578; x_wconf 76' lang='lat' dir='ltr'><strong>Z),</strong></span> <span class='ocrx_word' id='word_1_370' title='bbox 3012 4509 3125 4564; x_wconf 83' lang='lat' dir='ltr'><strong>suis</strong></span> <span class='ocrx_word' id='word_1_371' title='bbox 3162 4525 3263 4562; x_wconf 85' lang='lat' dir='ltr'><strong>om.</strong></span> 
     </span>
     <span class='ocr_line' id='line_1_40' title="bbox 711 4579 3265 4652; baseline -0 -19"><span class='ocrx_word' id='word_1_372' title='bbox 711 4581 822 4634; x_wconf 82' lang='lat' dir='ltr'><strong>AS</strong></span> <span class='ocrx_word' id='word_1_373' title='bbox 843 4583 864 4652; x_wconf 91' lang='grc'><strong>11</strong></span> <span class='ocrx_word' id='word_1_374' title='bbox 903 4587 966 4634; x_wconf 89' lang='lat' dir='ltr'><strong>ut</strong></span> <span class='ocrx_word' id='word_1_375' title='bbox 999 4581 1082 4650; x_wconf 88' lang='lat' dir='ltr'><strong>id]</strong></span> <span class='ocrx_word' id='word_1_376' title='bbox 1121 4581 1376 4636; x_wconf 88' lang='lat' dir='ltr'><strong>homines</strong></span> <span class='ocrx_word' id='word_1_377' title='bbox 1417 4581 1544 4638; x_wconf 79' lang='lat' dir='ltr'><strong>add.</strong></span> <span class='ocrx_word' id='word_1_378' title='bbox 1581 4583 1712 4636; x_wconf 68' lang='lat' dir='ltr'><strong>libra·</strong></span> <span class='ocrx_word' id='word_1_379' title='bbox 1743 4587 1963 4650; x_wconf 76' lang='lat' dir='ltr'><strong>praeter</strong></span> <span class='ocrx_word' id='word_1_380' title='bbox 2002 4583 2121 4636; x_wconf 72' lang='lat' dir='ltr'><strong>FG</strong></span> <span class='ocrx_word' id='word_1_381' title='bbox 2146 4586 2167 4652; x_wconf 94' lang='grc'><strong>11</strong></span> <span class='ocrx_word' id='word_1_382' title='bbox 2212 4587 2281 4634; x_wconf 89' lang='lat'><strong>14</strong></span> <span class='ocrx_word' id='word_1_383' title='bbox 2314 4579 2525 4632; x_wconf 84' lang='lat' dir='ltr'><strong>fatiant</strong></span> <span class='ocrx_word' id='word_1_384' title='bbox 2558 4579 2611 4632; x_wconf 89' lang='lat' dir='ltr'><strong><em>L</em></strong></span> <span class='ocrx_word' id='word_1_385' title='bbox 2636 4581 2657 4650; x_wconf 88' lang='grc'><strong>11</strong></span> <span class='ocrx_word' id='word_1_386' title='bbox 2692 4595 2759 4632; x_wconf 86' lang='lat' dir='ltr'><strong>ac</strong></span> <span class='ocrx_word' id='word_1_387' title='bbox 2794 4581 2863 4650; x_wconf 82' lang='lat' dir='ltr'><strong>si]</strong></span> <span class='ocrx_word' id='word_1_388' title='bbox 2906 4581 3065 4648; x_wconf 84' lang='lat' dir='ltr'><strong>quasi</strong></span> <span class='ocrx_word' id='word_1_389' title='bbox 3100 4579 3211 4632; x_wconf 76' lang='lat' dir='ltr'><strong>AS</strong></span> <span class='ocrx_word' id='word_1_390' title='bbox 3248 4579 3265 4650; x_wconf 76' lang='grc'><strong>11</strong></span> 
     </span>
    </p>

    <p class='ocr_par' dir='ltr' id='par_1_9' title="bbox 671 4649 3269 5158">
     <span class='ocr_line' id='line_1_41' title="bbox 671 4649 3265 4722; baseline 0 -18"><span class='ocrx_word' id='word_1_391' title='bbox 671 4717 674 4722; x_wconf 29' lang='grc'><strong>,</strong></span> <span class='ocrx_word' id='word_1_392' title='bbox 713 4659 780 4704; x_wconf 88' lang='grc'><strong>16</strong></span> <span class='ocrx_word' id='word_1_393' title='bbox 819 4669 970 4706; x_wconf 60' lang='lat' dir='ltr'><strong>sums</strong></span> <span class='ocrx_word' id='word_1_394' title='bbox 1009 4671 1108 4706; x_wconf 77' lang='lat' dir='ltr'><strong>mn.</strong></span> <span class='ocrx_word' id='word_1_395' title='bbox 1149 4651 1260 4704; x_wconf 75' lang='lat' dir='ltr'><strong>AS</strong></span> <span class='ocrx_word' id='word_1_396' title='bbox 1269 4651 1324 4704; x_wconf 83' lang='lat' dir='ltr'>R</span> <span class='ocrx_word' id='word_1_397' title='bbox 1349 4653 1368 4720; x_wconf 94' lang='grc'><strong>11</strong></span> <span class='ocrx_word' id='word_1_398' title='bbox 1409 4669 1472 4706; x_wconf 91' lang='lat' dir='ltr'><strong>ac</strong></span> <span class='ocrx_word' id='word_1_399' title='bbox 1509 4653 1558 4706; x_wconf 88' lang='lat' dir='ltr'><strong>si</strong></span> <span class='ocrx_word' id='word_1_400' title='bbox 1593 4653 1806 4706; x_wconf 83' lang='lat' dir='ltr'><strong>diceret</strong></span> <span class='ocrx_word' id='word_1_401' title='bbox 1839 4671 1938 4706; x_wconf 85' lang='lat' dir='ltr'><strong>om.</strong></span> <span class='ocrx_word' id='word_1_402' title='bbox 1970 4653 2081 4708; x_wconf 76' lang='lat' dir='ltr'><strong>AS</strong></span> <span class='ocrx_word' id='word_1_403' title='bbox 2092 4655 2155 4706; x_wconf 82' lang='lat' dir='ltr'><em>F</em></span> <span class='ocrx_word' id='word_1_404' title='bbox 2188 4653 2335 4722; x_wconf 82' lang='lat' dir='ltr'><strong>(add.</strong></span> <span class='ocrx_word' id='word_1_405' title='bbox 2374 4653 2429 4718; x_wconf 80' lang='lat' dir='ltr'><strong>f)</strong></span> <span class='ocrx_word' id='word_1_406' title='bbox 2458 4653 2477 4720; x_wconf 93' lang='grc'><strong>11</strong></span> <span class='ocrx_word' id='word_1_407' title='bbox 2516 4649 2647 4722; x_wconf 88' lang='lat' dir='ltr'><strong>nisi]</strong></span> <span class='ocrx_word' id='word_1_408' title='bbox 2684 4667 2827 4718; x_wconf 88' lang='lat' dir='ltr'><strong>quae</strong></span> <span class='ocrx_word' id='word_1_409' title='bbox 2866 4653 2923 4704; x_wconf 93' lang='lat' dir='ltr'><strong>ni</strong></span> <span class='ocrx_word' id='word_1_410' title='bbox 2958 4651 3071 4704; x_wconf 78' lang='lat' dir='ltr'><strong>AS</strong></span> <span class='ocrx_word' id='word_1_411' title='bbox 3122 4667 3265 4718; x_wconf 87' lang='lat' dir='ltr'><strong>quae</strong></span> 
     </span>
     <span class='ocr_line' id='line_1_42' title="bbox 709 4721 3263 4794; baseline 0 -20"><span class='ocrx_word' id='word_1_412' title='bbox 709 4723 818 4776; x_wconf 86' lang='lat' dir='ltr'><strong>nisi</strong></span> <span class='ocrx_word' id='word_1_413' title='bbox 853 4725 872 4776; x_wconf 76' lang='lat' dir='ltr'><em>l</em></span> <span class='ocrx_word' id='word_1_414' title='bbox 901 4727 918 4794; x_wconf 91' lang='grc'><strong>11</strong></span> <span class='ocrx_word' id='word_1_415' title='bbox 945 4723 1086 4794; x_wconf 86' lang='lat' dir='ltr'><strong>iam]</strong></span> <span class='ocrx_word' id='word_1_416' title='bbox 1125 4723 1298 4778; x_wconf 87' lang='lat' dir='ltr'><strong>etiam</strong></span> <span class='ocrx_word' id='word_1_417' title='bbox 1325 4723 1438 4776; x_wconf 80' lang='lat' dir='ltr'><strong>AS</strong></span> <span class='ocrx_word' id='word_1_418' title='bbox 1461 4725 1480 4790; x_wconf 92' lang='grc'><strong>11</strong></span> <span class='ocrx_word' id='word_1_419' title='bbox 1511 4731 1574 4778; x_wconf 81' lang='lat'><strong>17</strong></span> <span class='ocrx_word' id='word_1_420' title='bbox 1613 4723 1856 4794; x_wconf 80' lang='lat' dir='ltr'><strong>sciretis]</strong></span> <span class='ocrx_word' id='word_1_421' title='bbox 1893 4723 2055 4778; x_wconf 87' lang='lat' dir='ltr'><strong>iretis</strong></span> <span class='ocrx_word' id='word_1_422' title='bbox 2086 4727 2155 4778; x_wconf 88' lang='lat' dir='ltr'><em>H</em></span> <span class='ocrx_word' id='word_1_423' title='bbox 2174 4725 2191 4794; x_wconf 91' lang='grc'><strong>11</strong></span> <span class='ocrx_word' id='word_1_424' title='bbox 2222 4729 2289 4776; x_wconf 87' lang='grc'><strong>19</strong></span> <span class='ocrx_word' id='word_1_425' title='bbox 2322 4721 2435 4776; x_wconf 86' lang='lat' dir='ltr'><strong>fuit</strong></span> <span class='ocrx_word' id='word_1_426' title='bbox 2466 4737 2569 4776; x_wconf 79' lang='lat' dir='ltr'><strong>om.</strong></span> <span class='ocrx_word' id='word_1_427' title='bbox 2588 4725 2645 4772; x_wconf 88' lang='lat' dir='ltr'><strong><em>A</em></strong></span> <span class='ocrx_word' id='word_1_428' title='bbox 2684 4725 2851 4788; x_wconf 76' lang='lat' dir='ltr'><strong>(supr.</strong></span> <span class='ocrx_word' id='word_1_429' title='bbox 2884 4737 3017 4776; x_wconf 78' lang='lat' dir='ltr'><strong>vers,</strong></span> <span class='ocrx_word' id='word_1_430' title='bbox 3046 4721 3173 4776; x_wconf 74' lang='lat' dir='ltr'><strong>add.</strong></span> <span class='ocrx_word' id='word_1_431' title='bbox 3202 4723 3263 4790; x_wconf 83' lang='lat' dir='ltr'><strong>a)</strong></span> 
     </span>
     <span class='ocr_line' id='line_1_43' title="bbox 711 4791 3265 4870; baseline -0.002 -22"><span class='ocrx_word' id='word_1_432' title='bbox 711 4795 726 4866; x_wconf 68' lang='grc'><strong>11</strong></span> <span class='ocrx_word' id='word_1_433' title='bbox 765 4795 936 4848; x_wconf 87' lang='lat' dir='ltr'><strong>antea</strong></span> <span class='ocrx_word' id='word_1_434' title='bbox 969 4797 1098 4848; x_wconf 86' lang='lat' dir='ltr'><strong>acta</strong></span> <span class='ocrx_word' id='word_1_435' title='bbox 1135 4795 1322 4866; x_wconf 61' lang='lat' dir='ltr'><strong>HM„</strong></span> <span class='ocrx_word' id='word_1_436' title='bbox 1359 4799 1430 4848; x_wconf 82' lang='lat'><strong>20</strong></span> <span class='ocrx_word' id='word_1_437' title='bbox 1467 4795 1676 4848; x_wconf 85' lang='lat' dir='ltr'><strong>antheo</strong></span> <span class='ocrx_word' id='word_1_438' title='bbox 1711 4793 1838 4848; x_wconf 79' lang='lat' dir='ltr'><strong>RF</strong></span> <span class='ocrx_word' id='word_1_439' title='bbox 1891 4799 2057 4850; x_wconf 89' lang='lat' dir='ltr'><strong>anteo</strong></span> <span class='ocrx_word' id='word_1_440' title='bbox 2092 4795 2341 4862; x_wconf 78' lang='lat' dir='ltr'><strong><em>LHMn</em></strong></span> <span class='ocrx_word' id='word_1_441' title='bbox 2382 4797 2447 4848; x_wconf 72' lang='lat'><strong>21</strong></span> <span class='ocrx_word' id='word_1_442' title='bbox 2488 4791 2569 4846; x_wconf 88' lang='lat' dir='ltr'><strong>ait</strong></span> <span class='ocrx_word' id='word_1_443' title='bbox 2604 4809 2705 4846; x_wconf 80' lang='lat' dir='ltr'><strong>om.</strong></span> <span class='ocrx_word' id='word_1_444' title='bbox 2744 4791 2851 4860; x_wconf 86' lang='grc' dir='ltr'><strong>ΗΙΙ</strong></span> <span class='ocrx_word' id='word_1_445' title='bbox 2894 4797 2961 4870; x_wconf 44' lang='grc'><strong>22.</strong></span> <span class='ocrx_word' id='word_1_446' title='bbox 2998 4791 3133 4858; x_wconf 86' lang='lat' dir='ltr'><strong>quia</strong></span> <span class='ocrx_word' id='word_1_447' title='bbox 3160 4833 3173 4844; x_wconf 82' lang='lat'><strong><em>.</em></strong></span> <span class='ocrx_word' id='word_1_448' title='bbox 3206 4833 3217 4846; x_wconf 91' lang='lat'><strong>.</strong></span> <span class='ocrx_word' id='word_1_449' title='bbox 3254 4833 3265 4844; x_wconf 87' lang='lat'><strong>.</strong></span> 
     </span>
     <span class='ocr_line' id='line_1_44' title="bbox 711 4861 3265 4936; baseline -0.002 -18"><span class='ocrx_word' id='word_1_450' title='bbox 711 4865 1002 4932; x_wconf 83' lang='lat' dir='ltr'><strong>historiae,</strong></span> <span class='ocrx_word' id='word_1_451' title='bbox 1041 4883 1180 4936; x_wconf 75' lang='lat' dir='ltr'><strong>quae</strong></span> <span class='ocrx_word' id='word_1_452' title='bbox 1213 4881 1314 4920; x_wconf 82' lang='lat' dir='ltr'><strong>om.</strong></span> <span class='ocrx_word' id='word_1_453' title='bbox 1341 4865 1544 4920; x_wconf 80' lang='lat' dir='ltr'><strong>RLH</strong></span> <span class='ocrx_word' id='word_1_454' title='bbox 1571 4869 1636 4920; x_wconf 73' lang='lat' dir='ltr'><strong>in</strong></span> <span class='ocrx_word' id='word_1_455' title='bbox 1671 4883 1838 4936; x_wconf 62' lang='lat' dir='ltr'><strong>mam-9.</strong></span> <span class='ocrx_word' id='word_1_456' title='bbox 1879 4869 2005 4932; x_wconf 76' lang='lat' dir='ltr'><strong>add.</strong></span> <span class='ocrx_word' id='word_1_457' title='bbox 2038 4869 2077 4936; x_wconf 75' lang='lat' dir='ltr'><strong>l,</strong></span> <span class='ocrx_word' id='word_1_458' title='bbox 2110 4869 2167 4922; x_wconf 78' lang='lat' dir='ltr'><strong>si</strong></span> <span class='ocrx_word' id='word_1_459' title='bbox 2196 4865 2353 4920; x_wconf 80' lang='lat' dir='ltr'><strong>modo</strong></span> <span class='ocrx_word' id='word_1_460' title='bbox 2382 4863 2563 4918; x_wconf 76' lang='lat' dir='ltr'><strong>Servi-i</strong></span> <span class='ocrx_word' id='word_1_461' title='bbox 2594 4867 2753 4926; x_wconf 75' lang='lat' dir='ltr'><strong>sunt,</strong></span> <span class='ocrx_word' id='word_1_462' title='bbox 2782 4867 2911 4928; x_wconf 69' lang='lat' dir='ltr'><strong>post</strong></span> <span class='ocrx_word' id='word_1_463' title='bbox 2944 4861 3265 4926; x_wconf 75' lang='lat' dir='ltr'><strong>indicarent</strong></span> 
     </span>
     <span class='ocr_line' id='line_1_45' title="bbox 711 4933 3269 5008; baseline -0.002 -16"><span class='ocrx_word' id='word_1_464' title='bbox 711 4939 964 4992; x_wconf 71' lang='lat' dir='ltr'><strong>vident-m·</strong></span> <span class='ocrx_word' id='word_1_465' title='bbox 999 4939 1320 4992; x_wconf 72' lang='lat' dir='ltr'><strong>collocanda</strong></span> <span class='ocrx_word' id='word_1_466' title='bbox 1353 4953 1462 4992; x_wconf 81' lang='lat' dir='ltr'><strong>esse</strong></span> <span class='ocrx_word' id='word_1_467' title='bbox 1485 4939 1506 5008; x_wconf 94' lang='grc'><strong>11</strong></span> <span class='ocrx_word' id='word_1_468' title='bbox 1551 4945 1614 4992; x_wconf 86' lang='grc'><strong>23</strong></span> <span class='ocrx_word' id='word_1_469' title='bbox 1653 4937 1798 4992; x_wconf 85' lang='lat' dir='ltr'><strong>ferre</strong></span> <span class='ocrx_word' id='word_1_470' title='bbox 1835 4981 1846 4992; x_wconf 91' lang='lat'><strong>.</strong></span> <span class='ocrx_word' id='word_1_471' title='bbox 1881 4981 1892 4992; x_wconf 91' lang='lat'><strong>.</strong></span> <span class='ocrx_word' id='word_1_472' title='bbox 1927 4979 1938 4992; x_wconf 85' lang='lat'><strong>.</strong></span> <span class='ocrx_word' id='word_1_473' title='bbox 1976 4939 2187 4994; x_wconf 86' lang='lat' dir='ltr'><strong>iactare</strong></span> <span class='ocrx_word' id='word_1_474' title='bbox 2224 4953 2321 4990; x_wconf 83' lang='lat' dir='ltr'><strong>om.</strong></span> <span class='ocrx_word' id='word_1_475' title='bbox 2352 4935 2461 4988; x_wconf 74' lang='lat' dir='ltr'><strong>AS</strong></span> <span class='ocrx_word' id='word_1_476' title='bbox 2488 4935 2507 5004; x_wconf 91' lang='grc'><strong>11</strong></span> <span class='ocrx_word' id='word_1_477' title='bbox 2550 4939 2617 4986; x_wconf 82' lang='lat'><strong>25</strong></span> <span class='ocrx_word' id='word_1_478' title='bbox 2658 4933 2899 4986; x_wconf 85' lang='lat' dir='ltr'><strong>adlantis</strong></span> <span class='ocrx_word' id='word_1_479' title='bbox 2934 4935 2989 4986; x_wconf 86' lang='lat' dir='ltr'><strong><em>A</em></strong></span> <span class='ocrx_word' id='word_1_480' title='bbox 3046 4933 3269 4988; x_wconf 86' lang='lat' dir='ltr'><strong>athlan-</strong></span> 
     </span>
     <span class='ocr_line' id='line_1_46' title="bbox 711 5003 3265 5116; baseline -0.002 -54"><span class='ocrx_word' id='word_1_481' title='bbox 711 5007 786 5064; x_wconf 86' lang='lat' dir='ltr'><strong>tis</strong></span> <span class='ocrx_word' id='word_1_482' title='bbox 825 5007 1170 5088; x_wconf 58' lang='lat' dir='ltr'><strong>RLJIMF</strong></span> <span class='ocrx_word' id='word_1_483' title='bbox 1191 5011 1208 5076; x_wconf 93' lang='grc'><strong>11</strong></span> <span class='ocrx_word' id='word_1_484' title='bbox 1245 5010 1464 5076; x_wconf 81' lang='lat' dir='ltr'><strong>corythi</strong></span> <span class='ocrx_word' id='word_1_485' title='bbox 1491 5013 1562 5064; x_wconf 88' lang='lat' dir='ltr'><em>H</em></span> <span class='ocrx_word' id='word_1_486' title='bbox 1569 5011 1640 5064; x_wconf 85' lang='lat' dir='ltr'><strong><em>M</em></strong></span> <span class='ocrx_word' id='word_1_487' title='bbox 1647 5011 1728 5064; x_wconf 62' lang='lat'><strong>1⁴¹2</strong></span> <span class='ocrx_word' id='word_1_488' title='bbox 1767 5009 2011 5064; x_wconf 86' lang='lat' dir='ltr'><strong>corinthi</strong></span> <span class='ocrx_word' id='word_1_489' title='bbox 2040 5009 2211 5064; x_wconf 70' lang='grc' dir='ltr'><strong>ΑΒΕ</strong></span> <span class='ocrx_word' id='word_1_490' title='bbox 2270 5007 2471 5062; x_wconf 80' lang='lat' dir='ltr'><strong>corithi</strong></span> <span class='ocrx_word' id='word_1_491' title='bbox 2510 5003 2649 5058; x_wconf 68' lang='lat' dir='ltr'><strong>Lao·</strong></span> <span class='ocrx_word' id='word_1_492' title='bbox 2674 5007 2695 5116; x_wconf 83' lang='grc'><strong>11</strong></span> <span class='ocrx_word' id='word_1_493' title='bbox 2728 5007 2795 5056; x_wconf 76' lang='lat'><strong>27</strong></span> <span class='ocrx_word' id='word_1_494' title='bbox 2836 5005 3059 5074; x_wconf 76' lang='lat' dir='ltr'><strong>Corythi</strong></span> <span class='ocrx_word' id='word_1_495' title='bbox 3096 5005 3173 5058; x_wconf 84' lang='lat' dir='ltr'><strong><em>M</em></strong></span> <span class='ocrx_word' id='word_1_496' title='bbox 3178 5003 3265 5058; x_wconf 83' lang='lat' dir='ltr'><strong>F:</strong></span> 
     </span>
     <span class='ocr_line' id='line_1_47' title="bbox 713 5079 2695 5158; baseline 0.002 -24"><span class='ocrx_word' id='word_1_497' title='bbox 713 5079 958 5136; x_wconf 84' lang='lat' dir='ltr'><strong>corinth1</strong></span> <span class='ocrx_word' id='word_1_498' title='bbox 987 5079 1164 5134; x_wconf 78' lang='lat' dir='ltr'><strong>ASR</strong></span> <span class='ocrx_word' id='word_1_499' title='bbox 1217 5079 1428 5134; x_wconf 87' lang='lat' dir='ltr'><strong>corithi</strong></span> <span class='ocrx_word' id='word_1_500' title='bbox 1461 5079 1672 5136; x_wconf 75' lang='lat' dir='ltr'><strong>LHar</strong></span> <span class='ocrx_word' id='word_1_501' title='bbox 2692 5135 2695 5158; x_wconf 55' lang='grc' dir='ltr'>Ι</span> 
     </span>
    </p>
   </div>
   <div class='ocr_carea' id='block_1_9' title="bbox 2680 5159 2693 5236">
    <p class='ocr_par' dir='ltr' id='par_1_10' title="bbox 2680 5159 2693 5236">
     <span class='ocr_line' id='line_1_48' title="bbox 2680 5159 2693 5236; baseline 0 -46"><span class='ocrx_word' id='word_1_502' title='bbox 2680 5159 2693 5236; x_wconf 42' lang='lat' dir='ltr'><strong>,l</strong></span> 
     </span>
    </p>
   </div>
   <div class='ocr_carea' id='block_1_10' title="bbox 2660 5239 2683 5306">
    <p class='ocr_par' dir='ltr' id='par_1_11' title="bbox 2660 5239 2683 5306">
     <span class='ocr_line' id='line_1_49' title="bbox 2660 5239 2683 5306; baseline 0 0"><span class='ocrx_word' id='word_1_503' title='bbox 2660 5239 2683 5306; x_wconf 72' lang='lat' dir='ltr'><em>s</em></span> 
     </span>
    </p>
   </div>
  </div>
 </body>
</html>
