3900 5784
1325 605 1552 662 COMM.
1593 607 1670 660 IN
1707 603 1920 660 VERG.
1962 603 2131 660 AEN.
2164 607 2271 662 VII
2304 611 2533 662 48—-73.
3092 603 3217 668 131

841 773 942 838 59.
1017 787 1284 854 LAVRVS
1353 787 1530 834 ERAT
1599 771 1872 838 Latinus
1933 775 2091 854 post
2152 775 2425 838 mortem
2494 771 2719 838 fratris
2770 769 3003 836 Lavini
3076 791 3221 834 cum

659 879 978 944 Lavinum
1033 877 1490 960 amplificaret,
1547 880 1632 945 ab
1685 881 1950 944 inventa
2006 879 2189 944 lauro
2238 879 2761 944 Laurolavinium
2820 879 2887 944 id
2932 875 3221 964 appella·

661 983 776 1050 vit.
955 1003 1030 1048 ΙΝ
1071 1001 1590 1050 PENETRALIBVS
1647 987 1983 1072 penetrale
2036 993 2137 1054 est
2192 989 2399 1054 omnis
2458 987 2731 1052 interior
2770 1011 2923 1070 pars
2974 987 3223 1068 domuS,

661 1091 812 1154 licet
861 1093 944 1156 sit
993 1091 1260 1154 intecta:
1305 1091 1476 1154 unde
1521 1093 1776 1156 laurum
1823 1095 1890 1158 in
1935 1095 2377 1176 penetralibus
2422 1091 2623 1158 fuisse
2656 1115 2791 1158 non
2832 1095 3067 1158 mirum
3104 1097 3223 1156 est.

841 1197 942 1260 60.
1017 1215 1210 1260 METV
1255 1195 1602 1280 religione,
1645 1219 1806 1278 quae
1857 1199 2145 1262 nascitur
2188 1221 2305 1282 per
2348 1197 2667 1262 timorem.
3256 1209 3289 1256 5

829 1303 942 1366 61.
1019 1319 1272 1368 PRMAs
1321 1319 1466 1368 CVM
1503 1321 1874 1368 cONDERET
1908 1321 2129 1370 Anons
2176 1301 2489 1388 ‘primas’
2536 1305 2707 1368 circa
2752 1305 3005 1372 laurum
3054 1305 3221 1370 scili-

663 1411 790 1472 cet:
839 1431 992 1472 nam
1033 1407 1186 1474 iam'
1215 1411 1444 1476 civitas
1491 1405 1722 1476 sderat.

843 1515 944 1578 65.
1019 1533 1246 1582 TRANS
1289 1533 1626 1580 AETHERA
1669 1515 1999 1580 aetherem
2040 1537 2161 1600 pro
2186 1599 2189 1602 ἢ
2216 1539 2359 1580 aere
2402 1517 2641 1600 posuit.

841 1623 942 1686 66.
1017 1639 1378 1686 OBSEDERE
1431 1639 1694 1688 APIGEM
1759 1623 2027 1690 verbum
2098 1621 2603 1708 oppugnationis
2664 1625 2763 1686 est
2830 1623 3169 1690 ‘obsedere
3182 1625 3221 1710 ⁹,

661 1749 788 1812 quo
837 1749 992 1792 usus
1039 1731 1140 1792 est
1185 1729 1436 1812 signate
1485 1727 1752 1814 propter
1799 1729 2041 1794 bellum
2090 1731 2395 1794 futurum.
2580 1749 2715 1794 PER
2758 1749 3003 1794 MVTVA
3058 1731 3221 1794 invi·
3258 1745 3329 1794 10

663 1835 828 1898 cem:
887 1839 954 1898 et
1001 1839 1102 1898 est
1143 1833 1530 1900 absolutum.
1623 1835 1926 1902 Melissus
1978 1839 2089 1920 qui
2140 1837 2221 1900 de
2276 1837 2507 1920 apibus
2556 1837 2843 1920 scripsit,
2896 1839 2991 1902 ait
3038 1837 3221 1902 duo—

663 1940 804 2005 bus
853 1941 1176 2024 pedibus
1229 1961 1302 2004 se
1353 1943 1618 2006 tenent
1661 1945 1740 2006 et
1783 1943 2079 2008 duobus
2124 1944 2325 2008 alias
2372 1945 2781 2008 sustinent.

845 2049 946 2112 68.
1007 2065 1230 2112 VATES
1265 2047 1544 2112 divinus:
1583 2031 1698 2132 p‘er
1735 2073 1926 2136 quam
1970 2055 2185 2114 autem
2226 2055 2429 2116 artem
2458 2073 2591 2116 non
2624 2049 2803 2134 dixit,
2842 2073 2961 2116 nec
2986 2073 3223 2116 nomen

663 2157 828 2240 eius;
891 2155 1002 2220 sed
1055 2157 1248 2220 datur
1299 2155 1598 2242 intellegi
1641 2157 2029 2222 coniecturis
2080 2179 2227 2220 eum
2270 2157 2657 2242 quibusdam
2706 2157 2923 2222 futura
2968 2157 3223 2222 dixisse.

843 2261 946 2328 69.
1017 2279 1280 2326 PARTES
1349 2279 1612 2328 PETERE
1677 2281 1918 2328 AGMEN
1984 2283 2265 2330 EASDEM
2342 2265 2779 2350 intellegimus
2856 2265 2939 2328 ab
3008 2263 3221 2328 infero
3260 2277 3331 2326 15

663 2367 828 2432 mari
885 2391 1034 2454 apes
1083 2369 1364 2452 venisse,
1403 2371 1572 2434 unde
1621 2373 1686 2434 et
1733 2369 2021 2436 Troiani(
2082 2369 2365 2454 ‘partes'
2412 2373 2631 2436 autem
2680 2369 2999 2436 ‘easdem’
3052 2393 3223 2436 sum-

663 2475 922 2540 mitates
971 2497 1188 2540 rerum
1237 2479 1458 2560 petere
1503 2477 1690 2562 dicit,
1747 2479 1914 2544 sicut
1964 2499 2117 2562 apes
2164 2477 2411 2562 apicem
2460 2479 2655 2562 lauri,
2710 2501 2827 2562 per
2870 2499 3071 2562 quam
3114 2477 3223 2540 ad-

663 2603 976 2646 venarum
1017 2583 1288 2648 victoria
1341 2585 1730 2648 enuntiatur.
2296 2583 2301 2588 ’

847 2691 948 2756 71.
1021 2705 1256 2754 CASTIS
1303 2691 1452 2774 piis,
1515 2695 1586 2754 et
1619 2691 1953 2754 sciendum
1986 2691 2293 2756 Latinum
2334 2689 2731 2756 sacrificasse
2776 2691 2961 2754 iuxta
3004 2695 3221 2754 stante

661 2795 960 2862 Lavinia.
1141 2831 1148 2836 ·
3258 2811 3329 2858 20

849 2903 948 2970 73.
1019 2919 1242 2968 NEFAS
1281 2905 1588 2970 absoluta
1619 2905 2047 2988 parenthesis,
2120 2909 2187 2970 et
2226 2907 2327 2970 est
2358 2905 2707 2988 hypallage
2742 2901 3223 2988 ecomprendere

663 3009 952 3074 crinibus
999 3009 1258 3094 ignem'‚
1307 3033 1452 3074 cum
1497 3011 1668 3096 ignis
1705 3013 1930 3076 ‘crines
1978 3011 2497 3094 comprehendat.

809 3189 844 3238 5
877 3203 1020 3240 nnaev
1059 3185 1358 3258 religione]
1401 3185 1472 3240 cf.
1507 3185 1650 3240 Non.
1689 3203 1744 3256 p.
1781 3193 1902 3254 349,
1947 3191 2011 3240 17
2050 3185 2123 3240 Μ.

819 3335 846 3382 1
871 3331 1014 3398 -post
1051 3327 1242 3384 fratris
1275 3327 1456 3382 lauini
1491 3333 1730 3384 mortem
1767 3329 1844 3384 M
1865 3331 1882 3401 11
1909 3329 2131 3400 Lavini]
2174 3327 2289 3384 lani
2328 3327 2369 3384 S
2392 3329 2413 3398 ΙΙ
2442 3333 2473 3382 2
2506 3327 2781 3382 lavinium
2820 3327 2947 3380 RF
2974 3327 3225 3382 lauinum

669 3401 868 3454 urbem
903 3401 960 3452 L
1003 3401 1020 3471 11
1077 3399 1392 3454 aedificaret
1431 3401 1540 3454 AS
1589 3401 1981 3470 (amplificaret
2014 3405 2077 3470 a)
2126 3401 2147 3470 11
2202 3399 2431 3454 inuento
2468 3399 2579 3454 AS
2586 3399 2637 3452 R
2650 3399 2721 3452 H
2722 3399 2785 3452 F
2830 3399 3085 3468 (inuenta
3116 3401 3171 3468 r)
3208 3399 3227 3470 11

663 3467 1108 3524 laurolauinium
1141 3469 1440 3524 ASRFI:
1485 3471 1758 3526 lauinium
1797 3471 1942 3524 LM
1988 3471 2239 3524 lauinum
2276 3471 2347 3524 H
2380 3471 2401 3540 11
2446 3471 2501 3522 id
2542 3487 2639 3522 om.
2680 3469 2847 3536 AM,
2882 3487 3061 3540 supra
3094 3487 3223 3524 vers.
3302 3469 3327 3522 '.

667 3543 798 3594 add.
839 3559 892 3594 a.
951 3539 1260 3610 appellauit
1295 3543 1356 3594 id
1391 3541 1448 3594 L
1485 3541 1500 3610 11
1545 3549 1580 3596 3
1615 3561 1676 3594 m
1715 3543 1824 3598 SR
1861 3545 2017 3612 (corr.
2062 3543 2115 3612 a)
2158 3543 2179 3613 ΙΙ
2218 3559 2663 3594 PENETRABILIBVS
2700 3541 2885 3594 ASH
2916 3543 3075 3610 (corr.
3112 3543 3173 3608 a)
3210 3539 3227 3612 11

663 3611 954 3680 penetrale
975 3611 1294 3666 RLHFa:
1329 3613 1584 3680 penetral
1601 3615 1712 3668 AS
1723 3615 1796 3668 M
1821 3615 1840 3686 11
1865 3621 1898 3666 4
1923 3613 2137 3668 intecta
2164 3615 2237 3666 sit
2258 3615 2335 3666 M
2354 3615 2373 3684 11
2400 3613 2461 3666 in
2486 3611 2935 3682 penetrabilibus
2954 3611 3151 3666 ΑΕΗ
3156 3613 3231 3666 Μ

667 3685 832 3750 (corr.
861 3687 916 3750 a)
973 3681 1496 3752 impenetrabilibus
1521 3687 1584 3738 R
1607 3687 1626 3754 11
1649 3703 1762 3738 non
1803 3687 1884 3738 est
1921 3681 2123 3738 initum
2152 3683 2283 3738 ΕΗ
2290 3687 2359 3738 Μ
2386 3685 2403 3754 11
2436 3689 2467 3738 5
2500 3683 2773 3750 nascitur]
2814 3685 2951 3738 nata
2984 3685 3073 3738 est
3100 3683 3181 3736 M
3210 3681 3227 3754 ΙΙ

667 3759 700 3806 6
739 3773 928 3808 Parme
965 3755 1020 3808 R
1061 3759 1222 3822 (corr.
1257 3755 1310 3824 r)
1339 3757 1358 3824 11
1385 3753 1622 3828 scilicet]
1665 3757 1864 3826 supple
1899 3755 2111 3810 Daniel
2134 3759 2157 3824 11
2196 3761 2227 3810 9
2260 3753 2495 3808 verbum
2538 3797 2551 3808 .
2582 3795 2593 3806 .
2622 3789 2639 3806 .
2678 3753 2957 3826 futurum]
2992 3755 3227 3814 uerbum
3322 3767 3325 3770 ·

669 3825 1106 3894 obpugnationis
1141 3825 1602 3894 (oppugnationis
1641 3829 1738 3894 M)
1797 3827 2015 3880 futurae
2056 3827 2163 3880 AS
2178 3827 2247 3878 M
2290 3827 2311 3894 11
2354 3825 2607 3890 verbum]
2662 3825 2851 3878 autem
2886 3825 3015 3878 add.
3058 3825 3177 3878 FG
3212 3821 3229 3894 ΙΙ

669 3895 1108 3964 obpugnationis
1143 3893 1336 3948 HFG
1369 3897 1386 3964 11
1429 3901 1494 3948 10
1533 3897 1878 3966 significante
1919 3897 2039 3948 ΕΘ·
2076 3897 2095 3967 11
2134 3903 2203 3948 11
2236 3895 2515 3948 mellissus
2558 3895 2611 3948 R
2668 3891 2897 3948 melinus
2938 3893 2997 3948 F
3050 3895 3229 3948 melli-

669 3981 762 4020 sus
789 3981 830 4018 a
857 3965 876 4036 11
901 3967 962 4020 et
999 3963 1216 4018 duobus
1251 3965 1392 4020 alias
1435 3967 1712 4020 sustinent
1737 3967 1932 4020 RFa:
1972 3969 2029 4020 et
2068 3967 2281 4020 duobus
2320 3963 2417 4020 alii
2458 3965 2735 4018 sustinent
2762 3963 2873 4020 AS
2922 3967 2977 4018 et
3014 3965 3229 4020 duobus

667 4037 794 4090 aliis
837 4035 1126 4090 continent
1159 4035 1218 4088 L
1271 4039 1334 4092 et
1367 4035 1584 4092 duobus
1619 4039 1746 4094 aliis
1785 4039 2067 4092 sustinent
2098 4037 2169 4092 Η
2172 4039 2193 4092 Z
2236 4039 2297 4092 et
2332 4035 2547 4090 duobus
2584 4035 2711 4088 aliis
2748 4053 2809 4090 se
2846 4035 3121 4090 sustinent
3160 4035 3233 4090 M

669 4109 730 4162 et
761 4107 978 4162 duabus
1015 4107 1122 4162 alis
1159 4125 1220 4162 se
1255 4107 1532 4164 sustinent
1563 4109 1872 4180 Stephanus
1897 4111 1918 4178 11
1952 4115 2011 4164 13
2052 4125 2151 4180 per
2192 4107 2381 4178 quam]
2426 4123 2527 4176 per
2564 4107 2845 4176 quandam
2880 4107 2941 4160 A
2980 4125 3083 4176 per
3118 4123 3227 4176 que

669 4197 958 4264 quandam
985 4195 1026 4250 S
1053 4199 1074 4268 11
1103 4199 1168 4248 14
1209 4197 1542 4252 coniecturis
1573 4197 1842 4254 RLMa:
1879 4197 2231 4252 coniector-us
2258 4197 2317 4248 A
2368 4193 2719 4250 coniecturus
2754 4197 2801 4250 S
2810 4197 2875 4250 Η
2878 4197 2943 4248 F
2964 4199 2981 4268 11
3012 4203 3079 4250 15
3106 4183 3229 4250 nns-

669 4269 806 4338 mm]
849 4287 900 4338 p.
945 4285 1026 4322 ex.
1065 4269 1102 4322 i.
1137 4269 1266 4322 add.
1309 4269 1380 4320 M
1401 4271 1422 4338 11
1451 4269 1626 4326 infero
1665 4271 1806 4324 LM
1813 4269 1872 4324 F
1877 4287 1938 4324 a:
1978 4267 2239 4322 inferiore
2278 4269 2335 4320 R
2386 4265 2639 4322 inferiori
2676 4269 2859 4322 ΑΒΗ
2888 4269 2907 4338 11
2950 4275 3013 4322 16
3054 4269 3229 4322 maria

667 4337 992 4406 peruenisse
1019 4339 1078 4392 Α.
1105 4341 1262 4408 (corr.
1283 4341 1344 4406 α)
1395 4343 1540 4396 mari
1579 4341 1902 4412 aperuenire
1935 4339 1979 4394 S
2010 4339 2175 4406 (mari
2212 4339 2567 4408 aperuenisse
2590 4341 2639 4406 s)
2678 4341 2695 4410 11
2728 4339 2875 4392 unde
2916 4343 2973 4392 et
3000 4339 3229 4394 Troiani

669 4425 768 4464 om.
813 4411 886 4464 M
909 4413 930 4482 11
967 4407 1218 4464 eiusdem
1251 4409 1308 4464 R
1347 4413 1504 4478 (corr.
1543 4417 1594 4484 r)
1619 4415 1640 4482 11
1679 4413 2065 4468 summitatem
2098 4411 2221 4466 AS.
2270 4411 2397 4476 fort.
2440 4409 2821 4464 summitatem
2856 4411 2997 4476 60611
3040 4413 3229 4480 petere

669 4521 682 4534 .
719 4523 772 4536 ..
813 4479 1152 4536 advenarum
1195 4497 1292 4536 om.
1335 4481 1470 4552 AS,
1503 4501 1656 4554 supr.
1697 4499 1830 4538 vera
1869 4483 1995 4536 add.
2038 4501 2077 4536 a
2108 4483 2127 4552 11
2180 4487 2241 4536 17
2282 4479 2425 4536 dixit
2458 4479 2515 4532 R
2542 4483 2563 4552 11
2596 4497 2761 4548 quem
2802 4479 2853 4532 L
2888 4479 2911 4548 11
2956 4485 3021 4534 18
3062 4499 3227 4536 enun-

665 4551 866 4622 tiatur]
915 4551 1346 4624 praenuntiatur
1379 4555 1450 4610 F.
1505 4555 1654 4626 quod
1705 4557 1892 4612 autem
1939 4551 1997 4606 in
2036 4551 2197 4606 lauro
2230 4551 2495 4608 sederunt
2536 4549 2847 4606 ostenditur
2884 4551 3227 4606 aduenarum

667 4623 862 4680 futura
895 4627 1136 4680 uictoria
1173 4625 1302 4680 add.
1341 4625 1418 4680 M
1447 4629 1466 4696 ΙΙ
1511 4635 1578 4684 19
1617 4625 1934 4694 sciendum]
1956 4623 2353 4692 ‘intellegimus
2396 4623 2469 4676 M
2500 4623 2521 4692 11
2566 4629 2633 4676 20
2674 4621 2863 4676 lauina
2900 4621 3031 4674 LH
3064 4623 3225 4692 (laui-

671 4697 768 4750 nia
805 4699 846 4768 l)
879 4699 900 4764 ΙΙ
945 4697 1016 4752 ad
1053 4713 1262 4750 AnoLET
1299 4697 1362 4752 ’ἐπ
1401 4699 1714 4754 Tui-ommi
1747 4697 1800 4750 is
1835 4697 2101 4762 interpres
2138 4695 2233 4764 qui
2278 4695 2603 4748 Tio-omanis
2638 4693 2785 4746 notis
2820 4707 2953 4746 usus
2986 4701 3067 4746 est
3098 4695 3229 4748 haec

669 4769 972 4838 adscripsit
1013 4767 1226 4824 Adolet
1267 4785 1370 4838 pro
1421 4771 1698 4824 sacrificat
1743 4767 1838 4820 uel
1881 4765 2149 4820 incendit.
2224 4765 2453 4818 adolere
2490 4805 2501 4816 .
2542 4803 2553 4816 .
2590 4765 2681 4816 est
2714 4777 2959 4816 crescere
2998 4765 3097 4818 sed
3136 4763 3229 4818 hic

675 4859 822 4896 κατα
859 4839 1208 4910 euphismon.
1263 4841 1350 4894 est
1383 4839 1448 4894 id
1483 4843 1572 4896 est
1605 4835 1896 4908 inpropria
1935 4835 2107 4890 dictio
2144 4835 2425 4890 cauebant
2452 4833 2597 4884 enim
2622 4849 2697 4886 ne
2728 4831 2791 4884 in
2818 4835 2983 4888 sacris
3014 4833 3229 4902 aliquid

675 4911 908 4966 uerbum
947 4911 1260 4980 proferrent
1297 4911 1448 4982 quod
1481 4913 1674 4980 posset
1709 4909 1768 4962 in
1805 4907 2011 4960 malam
2052 4907 2271 4974 partem
2310 4905 2443 4972 poni
2476 4905 2539 4956 et
2572 4903 2785 4956 malum
2824 4919 2983 4956 omen
3022 4905 3229 4958 habere

677 4983 808 5038 ideo
847 4983 1038 5040 adolet
1077 5001 1176 5052 pro
1205 4983 1458 5038 incendit
1485 4983 1626 5038 dixit
1665 4983 1800 5050 (pro
1827 4979 1971 5030 notis
1990 4983 2207 5046 puncta
2232 4975 2441 5044 posui).
2478 4973 2551 5038 cf.
2578 4971 2725 5028 Serv.
2758 4977 2833 5028 ad
2858 4977 2995 5030 Aen.
3030 4977 3053 5030 I
3082 4983 3187 5028 704
3212 4973 3229 5042 11

681 5061 748 5112 21
769 5055 1026 5112 absolute
1045 5055 1102 5108 R
1121 5055 1284 5122 (corr.
1299 5055 1350 5124 r)
1377 5055 1398 5122 11
1425 5053 1738 5122 parantasis
1753 5049 1812 5100 R
1835 5049 1854 5114 11
1881 5049 1944 5100 et
1962 5047 2071 5114 est]
2094 5049 2183 5100 est
2200 5047 2387 5098 autem
2408 5043 2469 5094 F
2490 5044 2511 5111 11
2542 5043 3007 5112 comprehendere
3028 5045 3159 5098 AH
3166 5043 3239 5096 M

2730 5133 2807 5184 9*
