3900 5784
679 647 814 714 300
1833 647 2075 702 SERVn

677 813 1000 894 honorifice
1045 817 1250 878 autem
1291 817 1468 894 poeta
1513 827 1708 876 unam
1741 811 1985 876 stellam
2026 807 2259 876 ‘sidus'
2298 809 2483 888 dixit,
2534 827 2671 872 cum
2702 809 2879 874 sidus
2914 827 2989 872 ex
3024 809 3241 876 multis

677 917 868 982 stellis
915 923 1156 982 constet.

853 1023 1000 1088 682.
1075 1041 1306 1088 PARTE
1359 1043 1528 1088 ALIA
1579 1047 1712 1088 non
1773 1045 1804 1088 e
1849 1027 2105 1108 contra,
2164 1025 2277 1088 sed
2328 1025 2401 1088 in
2454 1025 2579 1088 alia
2640 1025 2819 1106 parte
2884 1023 3059 1088 aciei.

613 1189 616 1192 ,
679 1147 934 1196 venus
987 1149 1078 1194 ET
1137 1147 1248 1196 ms
1299 1147 1598 1196 AGRIPPA
1657 1145 1989 1196 smchms
2038 1131 2323 1214 Ayrijppa
2378 1131 2605 1196 dicitur
2660 1131 2739 1194 ab
2796 1151 2977 1212 aeyro
3022 1137 3239 1216 partu,

569 1787 636 1836 10

567 2321 634 2370 15

677 1239 744 1304 id
797 1241 886 1304 est
937 1237 1042 1320 qui
1081 1237 1344 1320 pedibus
1399 1239 1702 1304 nascitur.·
1785 1237 1894 1300 secl
1941 1235 2045 1304 hic
2084 1237 2375 1322 Ayrippa
2428 1259 2555 1302 non
2612 1239 2763 1302 adeo
2816 1237 2985 1304 claro
3024 1259 3243 1322 yenere

675 1349 870 1424 ortus,
925 1345 1162 1408 viribus
1203 1349 1264 1408 et
1305 1347 1582 1410 societate
1627 1343 1904 1426 Auyusti
1952 1347 2045 1410 acl
2088 1365 2363 1410 summos
2414 1343 2671 1410 honores
2710 1347 3031 1428 pervenit:
3086 1367 3241 1412 nam

675 1455 730 1514 et
777 1451 1060 1514 tribunus
1093 1451 1266 1532 plebi
1309 1451 1722 1532 quietissimus
1765 1451 1918 1536 fuit,
1962 1457 2025 1516 et
2054 1457 2195 1532 post
2244 1453 2491 1518 tertium
2528 1451 2763 1536 consul,
2804 1457 2867 1516 et
2906 1453 2979 1514 in
3024 1455 3241 1518 multis

675 1557 844 1622 bellis
889 1577 1030 1622 cum
1071 1559 1352 1640 Aucusto
1395 1559 1580 1640 ⁴aestis
1625 1559 1946 1622 victoriam
1994 1559 2277 1640 Auyusto
2318 1579 2435 1624 sua
2480 1561 2701 1622 virtute
2748 1559 3033 1640 confecit:
3086 1581 3241 1624 nam

673 1669 728 1728 et
775 1663 1030 1730 Sextum
1075 1663 1438 1746 Pompeium
1483 1667 1658 1748 apud
1693 1665 1916 1748 Mylas
1958 1667 2087 1748 ipse
2134 1667 2373 1748 devicit,
2432 1671 2491 1730 et
2532 1667 2703 1748 apud
2744 1665 2995 1730 Actium
3038 1667 3239 1730 Anto-

673 1771 850 1836 nium
907 1777 962 1836 et
1017 1769 1414 1856 Cleopatram
1463 1765 1682 1838 navali
1733 1775 2063 1838 certamine
2104 1793 2299 1856 prope
2362 1775 2493 1856 ipse
2546 1773 2891 1856 superavit:
2954 1771 3027 1836 ob
3078 1775 3245 1856 quod

673 1883 902 1944 meruit
941 1881 1128 1944 etiam
1167 1899 1348 1962 yener
1397 1901 1520 1946 6336
1551 1881 1848 1962 Aucusto.
1933 1879 2297 1946 ‘secundis'
2342 1901 2483 1964 erqo
2532 1879 2689 1945 dixit
2738 1879 3021 1964 Augusti
3064 1901 3239 1944 com-

671 1985 1038 2070 paratione:
1099 2007 1254 2048 nam
1313 1985 1438 2048 hoc
1493 1985 1678 2048 dicit:
1733 1985 2069 2068 Augustus
2128 1985 2327 2050 nimio
2388 1989 2725 2050 ventorum
2780 1989 2845 2048 et
2900 1985 3239 2048 numinum

673 2093 976 2156 utebatur
1015 2091 1270 2174 favore,
1297 2091 1592 2174 Agrippa
1633 2089 1955 2174 sequenti,
1994 2089 2119 2156 hoc
2156 2095 2283 2174 est,
2316 2092 2429 2155 ille
2468 2091 2701 2156 habuit
2738 2091 3023 2174 primum
3056 2091 3241 2156 favo-

673 2219 834 2282 rem,
893 2197 996 2260 hic
1055 2197 1424 2260 seeundum.
1495 2197 1888 2288 ,Hadrianus
1935 2195 2151 2262 scribit
2188 2197 2543 2282 Ayrippam
2598 2199 2847 2260 solitum
2894 2203 3241 2278 tempestate

673 2311 810 2370 orta
853 2305 1074 2370 milites
1119 2325 1320 2388 coyere
1365 2325 1550 2370 naves
1591 2305 1666 2368 in
1705 2303 1934 2384 fluctus
1978 2325 2215 2386 uryere,
2270 2309 2341 2368 ut
2384 2303 2811 2370 consuetudine
2858 2303 3243 2368 discriminis
3288 2383 3293 2386 Ι

671 2413 910 2494 dempto
953 2417 1118 2476 metu
1153 2413 1426 2476 redderet
1465 2431 1562 2474 eos
1607 2413 1930 2476 adversum
1966 2411 2249 2492 pericula
2288 2411 2575 2492 fortiores
2594 2429 2617 2474 .·
2660 2431 2797 2494 cryc
2846 2405 3015 2494 πρὸς
3060 2405 3241 2474 ἅντι-

673 2513 1036 2600 διοιστολήν
1087 2519 1258 2582 saevi
1301 2519 1528 2600 mariS,
1579 2519 1748 2600 quod
1795 2519 2217 2584 exercitationi
2262 2517 2563 2582 militibus
2620 2525 2777 2602 erat,
2834 2519 2929 2582 ait
2986 2517 3139 2582 ‘diis
3180 2523 3245 2580 et

669 2627 862 2692 ventis
917 2623 1226 2708 securiclis'
1283 2645 1408 2690 esse
1445 2631 1824 2708 puynatum,
1885 2631 1957 2690 ut
2012 2629 2417 2708 tempestatem
2474 2625 2717 2708 Quidem
2768 2623 3055 2708 Ayrippa
3112 2645 3239 2690 non

673 2735 968 2810 timuerit,
1029 2735 1138 2798 sed
1181 2733 1368 2812 favor
1421 2733 1670 2798 divinus
1719 2733 1928 2798 maria
1976 2733 2391 2798 constraverit.
2466 2753 2619 2798 nam
2670 2737 2731 2796 et
2780 2733 2919 2814 ipsa
2976 2733 3239 2798 Actiaca

565 2857 636 2904 20
661 2861 886 2924 puyna
927 2861 1064 2904 cum
1111 2841 1318 2922 aquilo
1369 2841 1424 2906 ei
1455 2845 1606 2906 esset
1639 2843 1950 2920 aduersu-5,
2002 2861 2063 2906 eo
2104 2841 2381 2906 exercitio
2390 2891 2405 2924 ,
2456 2861 2573 2924 quo
2612 2841 2837 2906 milites
2876 2841 3239 2906 adsueverat

563 3389 634 3436 25

671 2951 996 3012 adversum
1029 2949 1256 3030 fluctus
1289 2969 1474 3014 naves
1509 2969 1704 3030 ayere,
1753 2949 1840 3012 ad
1871 2955 2129 3032 portum
2162 2969 2225 3014 36
2256 2949 2465 3032 fuyere
2500 2949 2783 3032 finxisse:
2834 2969 2959 3030 qua
2994 2969 3059 3012 re
3096 2969 3233 3012 cum

671 3055 868 3118 hostes
901 3055 1128 3136 decepti
1163 3057 1402 3134 insequi
1435 3057 1642 3118 conati
1675 3059 1886 3136 essent,
1921 3055 2225 3120 conversis
2258 3055 2455 3118 subito
2492 3057 2761 3138 naviyiis
2792 3055 2925 3118 suis
2954 3055 3227 3118 Aleman-

671 3161 894 3226 drinas
943 3181 1132 3226 naves
1181 3161 1518 3226 incurrisse
1565 3167 1628 3224 et
1663 3161 1802 3224 ⁴telis
1859 3181 1930 3224 ac
1990 3161 2263 3242 flammis
2316 3161 2387 3224 in
2440 3181 2543 3224 eas
2590 3163 2821 3240 missiS,
2880 3163 3233 3244 refrayante

669 3269 940 3332 hostibus
983 3269 1168 3350 flatu,
1213 3289 1354 3332 cum
1391 3267 1550 3332 nihil
1585 3269 1708 3350 ipsi
1747 3267 1870 3332 tale
1909 3267 2113 3348 faeere
2142 3273 2417 3350 possent,
2466 3267 2783 3332 victoriam
2830 3275 3231 3334 consecutum.

671 3375 890 3440 merito
931 3395 1068 3458 eryo
1121 3375 1348 3440 ‘centis
1391 3371 1720 3440 secundis'.
3230 3377 3243 3384 '

849 3483 1000 3548 683.
1069 3475 1312 3548 instem?
1357 3509 1576 3548 SVPERB
1589 3509 1672 3548 VM
1711 3485 1894 3566 quasi
1921 3483 2279 3564 principale
2322 3485 2513 3548 decus.

851 3589 996 3654 684.
1067 3607 1336 3654 NAVALI
1399 3607 1724 3654 FVLGENT
1761 3607 2157 3680 *ROS'I'RATA
2220 3607 2501 3656 CORONA
2566 3589 2795 3668 Sextus
2858 3591 3253 3676 Pompeius„

673 3695 942 3780 Pompei
1009 3695 1208 3780 filine,
1273 3697 1342 3760 in
1399 3695 1620 3760 Sicilia
1677 3697 2023 3780 piraticam
2082 3697 2383 3764 exercuit.
2474 3701 2701 3764 contra
2762 3707 2953 3782 quem
3010 3701 3227 3782 primo

817 3879 854 3926 4
891 3871 1142 3940 Agrippa
1177 3915 1188 3926 .
1223 3915 1234 3926 .
1269 3915 1280 3926 .
1315 3871 1590 3942 nascitur]
1633 3871 1700 3926 ef.
1741 3873 1942 3926 Loewe
1982 3873 2303 3942 prodromus
2344 3893 2393 3944 p.
2438 3879 2503 3926 19
2540 3875 2603 3928 et
2634 3893 2689 3944 p.
2732 3879 2835 3928 396
2864 3891 2943 3942 sq.

679 4033 1124 4088 commentarium
1159 4033 1460 4100 composuit
1497 4031 1778 4100 Augustus
1815 4033 1991 4088 delere
2024 4033 2211 4088 debuit
2260 4035 2279 4106 ΙΙ
2332 4033 2537 4088 habere
2588 4033 2643 4088 in
2690 4033 2855 4104 galea
2898 4035 3089 4104 coepit
3130 4037 3223 4088 de-

677 4105 894 4174 pictam
927 4103 978 4156 L
1005 4107 1024 4174 ss
1047 4102 1110 4158 in
1145 4103 1410 4172 galileam
1447 4103 1504 4158 R
1555 4103 1618 4158 in
1651 4103 1862 4174 galilea
1897 4103 1959 4156 F
1982 4107 2001 4174 ΙΙ
2028 4109 2055 4158 1
2100 4107 2171 4160 acl
2196 4123 2245 4160 v.
2274 4109 2377 4160 681
2414 4107 2483 4160 in
2504 4121 2677 4174 mary.
2720 4105 3017 4160 honorifice
3056 4109 3229 4176 poeta

677 4193 850 4230 unam
889 4175 1108 4234 stellam
1149 4173 1298 4228 sidus
1345 4175 1650 4244 appellauit
1699 4193 1826 4230 cum
1867 4175 2015 4230 sidus
2054 4193 2123 4228 ex
2156 4175 2351 4230 multis
2388 4173 2571 4230 stellis
2610 4181 2831 4230 constet
2870 4179 2921 4230 T
2972 4180 2991 4248 ΙΙ
3044 4187 3079 4232 3
3116 4193 3229 4230 11011

675 4249 818 4302 haec
859 4249 1050 4300 contra
1089 4247 1150 4298 F
1171 4247 1190 4314 ΙΙ
1219 4253 1254 4298 4
1287 4247 1364 4298 ab
1399 4263 1566 4316 aegro
1607 4251 1772 4316 partu
1807 4247 2017 4300 Daniel
2054 4247 2147 4310 (cf.
2180 4247 2333 4302 Plin.
2372 4253 2483 4302 nat.
2520 4249 2643 4302 hist.
2686 4247 2783 4300 VII
2826 4253 2855 4314 ξ
2890 4253 2981 4314 45,
3018 4247 3231 4302 Gellius

677 4317 806 4370 XVI
851 4323 928 4380 16,
971 4317 1192 4370 Nonius
1223 4335 1278 4382 p.
1321 4319 1474 4384 558):
1523 4317 1594 4370 ab
1633 4319 1840 4388 egypto
1879 4323 2043 4386 partu
2086 4317 2145 4370 F
2192 4319 2213 4386 ΙΙ
2264 4323 2297 4370 5
2338 4317 2433 4386 qui
2470 4319 2705 4386 pedibus
2744 4319 3083 4372 Masvic'ius:
3128 4315 3227 4382 qui

679 4387 862 4454 odieb3
903 4387 1110 4456 ,ΙΨ-(1111
1145 4387 1312 4442 hodie
1353 4387 1436 4442 bis
1481 4389 1680 4442 Daniel
1709 4393 1730 4456 ΙΙ
1765 4393 1794 4442 8
1837 4385 2061 4442 conficit
2098 4389 2157 4442 F
2178 4389 2199 4456 ΙΙ
2242 4395 2271 4442 9
2310 4389 2519 4442 moelas
2558 4389 2621 4442 F
2640 4391 2659 4460 ΙΙ
2692 4397 2753 4442 10
2792 4389 2987 4444 nauari
3024 4387 3089 4440 F
3108 4387 3127 4456 ΙΙ
3154 4387 3227 4442 ob

679 4479 790 4528 quo
829 4461 892 4514 F
911 4462 928 4529 fl
977 4467 1036 4514 11
1079 4459 1298 4530 generis
1339 4475 1396 4514 se
1435 4457 1498 4512 F
1517 4461 1534 4526 11
1581 4465 1642 4514 13
1681 4459 2043 4526 sequentibus
2084 4461 2153 4514 F.
2210 4479 2437 4514 AGRIPPA
2476 4479 2729 4514 sccvsms
2762 4463 2923 4528 vulco
2950 4462 2969 4528 11
3012 4465 3083 4512 14
3116 4459 3229 4512 Ha-

679 4533 932 4604 drianus]
973 4535 1100 4600 fort.
1137 4529 1474 4586 Haterianus
1513 4531 1532 4598 ΙΙ
1575 4547 1884 4598 agryppam
1923 4529 1989 4584 F
2022 4533 2041 4598 ΙΙ
2096 4537 2153 4584 15
2192 4547 2425 4600 urguere
2466 4529 2523 4584 F
2558 4533 2577 4600 ΙΙ
2622 4537 2689 4584 16
2728 4533 2917 4584 demtfi
2956 4547 3115 4584 1116611
3152 4529 3229 4596 F,

629 4659 634 4664 ,
679 4621 818 4658 corr.
841 4605 1046 4658 Daniel
1073 4605 1094 4674 fl
1119 4601 1644 4730 {santidiastollens
1673 4601 1798 4654 aevi
1833 4601 1900 4668 F,
1929 4619 2069 4656 corr.
2096 4603 2297 4658 Daniel
2324 4605 2345 4672 ΙΙ
2372 4607 2437 4656 17
2480 4601 2861 4656 exercitationi
2888 4599 3225 4654 Masvicius:

679 4675 1078 4730 exercitatione
1177 4715 1188 4726 .
1249 4679 1378 4742 post
1421 4675 1542 4726 erat
1591 4673 1850 4726 lacunam
1881 4673 2151 4726 indicavit
2190 4675 2407 4726 Daniel.
2474 4673 2601 4738 fort.
2640 4671 2789 4738 quod
2828 4671 3225 4738 exercitatione

679 4745 952 4800 militibus
999 4747 1194 4800 notum
1251 4747 1374 4798 erat
1421 4745 1444 4814 ΙΙ
1507 4745 1580 4800 ad
1625 4761 1712 4796 ms
1747 4763 1794 4796 A.
1837 4763 1878 4796 s,
1923 4761 2079 4814 supr.
2116 4761 2247 4798 vers.
2294 4741 2429 4810 quia
2476 4741 2699 4796 diuinus
2742 4739 2901 4794 fauor
2950 4743 2999 4796 61
3048 4741 3227 4796 maria

679 4819 1052 4872 constrauerit
1087 4835 1198 4872 non
1239 4817 1388 4886 quod
1423 4835 1534 4872 non
1569 4815 1822 4870 timuerit
1859 4817 2251 4886 tempestatem
2294 4815 2345 4866 T
2384 4817 2401 4880 ΙΙ
2450 4819 2515 4868 20
2556 4811 2823 4868 exerticio
2858 4811 2921 4866 F
2964 4815 2983 4882 11
3026 4815 3225 4868 adsua-

679 4891 844 4942 uerat
863 4887 920 4942 F
941 4893 962 4958 11
991 4895 1052 4942 21
1087 4889 1246 4942 finxit
1273 4889 1580 4944 Mascicius
1605 4889 1624 4954 ΙΙ
1651 4905 1762 4956 qua
1789 4903 1852 4940 re
1873 4889 2107 4942 Daniel:
2136 4885 2293 4954 queri
2324 4887 2381 4938 F
2402 4887 2423 4953 ΙΙ
2454 4891 2515 4938 22
2552 4885 2801 4940 conuersi
2834 4885 2891 4940 F
2912 4889 2935 4952 ΙΙ
2962 4885 3097 4938 suisi
3122 4885 3187 4938 F
3212 4885 3225 4954 Η

679 4967 750 5012 23
779 4961 1012 5014 incurrit
1041 4961 1356 5014 Masvicius
1381 4960 1398 5028 ΙΙ
1425 4961 1554 5014 talis
1587 4961 1648 5012 F
1667 4961 1688 5024 ΙΙ
1717 4957 2057 5026 refraglante
2088 4959 2147 5012 F
2168 4959 2191 5024 ΙΙ
2224 4961 2291 5012 24
2330 4957 2467 5008 flatu
2492 4955 2579 5008 F:
2614 4955 2781 5028 fluctu
2816 4957 3021 5010 Daniel
3048 4955 3069 5024 ΙΙ
3104 4955 3227 5024 ipse

681 5029 746 5084 F
767 5033 784 5100 ΙΙ
811 5033 1140 5084 consecutus
1177 5033 1264 5084 est
1291 5031 1598 5084 Masvicius
1623 5033 1642 5100 ΙΙ
1667 5033 1738 5082 25
1773 5029 1852 5084 acl
1885 5047 2099 5084 mamm:
2134 5045 2177 5082 s,
2216 5045 2367 5096 supr.
2394 5045 2525 5082 vers,
2564 5027 2621 5100 id
2632 5029 2639 5096 1¹
2660 5029 2745 5082 est
2780 5027 3093 5098 principale
3128 5027 3227 5084 de-

681 5119 780 5160 cus
817 5101 954 5162 belli
995 5101 1042 5156 T
1077 5103 1096 5170 ΙΙ
1137 5101 1328 5174 decus]
1369 5103 1504 5156 deus
1537 5103 1594 5162 G
1625 5105 1644 5174 ΙΙ
1689 5105 1756 5156 27
1795 5101 2033 5156 siciliam
2072 5099 2251 5156 ARL
2292 5099 2493 5170 (sicilia
2528 5103 2587 5170 a)
2622 5121 2633 5176 ,o'

2566 5219 2611 5312 ss
