3900 5784
1265 627 1488 684 COMM.
1531 627 1612 680 IN
1651 627 1866 684 VERG.
1905 627 2071 684 AEN.
2114 631 2215 684 VII
2260 635 2555 688 180-195,
3052 631 3175 694 141

617 783 778 850 ‘hoc
821 785 1060 852 ancile’
1107 791 1176 852 et
1221 787 1410 854 ehaec
1455 791 1740 876 ancilia',
1791 793 2239 858 fanciliorum'
2286 819 2435 860 vero
2486 797 2821 880 usurpavit
2868 795 3177 860 Horatius

619 891 836 956 dicens
879 893 1342 960 anciliorum
1387 903 1456 962 et
1493 903 1830 966 nominis
1883 905 1957 966 et
2004 907 2233 986 togae
2284 903 2601 968 oblitus.
2670 909 2893 986 septem
2924 903 3181 984 fuerunt

601 999 896 1080 pignora,
931 1023 1086 1082 quae
1123 1003 1450 1082 imperium
1477 1005 1836 1070 Romanum
1875 1013 2107 1074 tenent:
2146 1011 2185 1090 †
2212 1011 2357 1074 aius
2392 1011 2617 1074 matris
2650 1011 2847 1094 deum,
2876 1011 3179 1094 quadriya

615 1107 822 1186 fictilis
873 1107 1342 1174 Veientanorum
1351 1161 1370 1194 ,
1417 1115 1644 1178 eineres
1689 1113 1944 1194 Orestis,
1996 1121 2293 1196 sceptrum
2338 1117 2617 1200 Priami,
2668 1119 2871 1182 velum
2912 1117 3177 1200 Ilionae,

605 1213 960 1294 palladium
969 1265 990 1298 ,
1037 1215 1290 1280 ancilia.
3216 1233 3249 1282 ὅ

799 1321 940 1384 190.
1017 1339 1248 1388 AVREA
1297 1341 1610 1392 CONIVNX
1671 1347 1822 1388 nam
1875 1325 2065 1389 aliter
2116 1345 2333 1388 versus
2380 1347 2515 1390 non
2562 1329 2713 1390 stat.
2802 1331 2871 1392 et
2914 1325 3177 1392 ‘aurea'

615 1449 732 1508 per
789 1427 1062 1492 ironiam
1121 1431 1306 1518 dixit,
1359 1439 1430 1496 ut
1487 1431 1624 1516 <VI
1669 1431 1844 1512 523>
1901 1433 2193 1512 eyreyia
2248 1433 2533 1496 interea
2590 1435 2939 1498 coniunx:
2998 1435 3173 1500 ‘con-

615 1533 802 1596 iunx’
861 1557 1012 1600 vero
1067 1531 1200 1602 nou
1259 1561 1418 1622 quae
1479 1541 1644 1622 erat,
1705 1539 1812 1602 sed
1877 1559 2037 1620 quae
2104 1561 2247 1602 esse
2302 1539 2635 1622 cupiebat,
2692 1545 2767 1602 ut
2814 1539 2955 1622 <IV
3004 1539 3175 1624 536>

619 1659 804 1722 quos
857 1663 996 1726 ego
1041 1643 1182 1708 sim
1241 1647 1534 1710 totiens
1589 1643 1742 1708 iam
1797 1643 2221 1728 dedignata
2270 1645 2613 1710 maritos,
2704 1643 2925 1708 fabula
2974 1653 3179 1712 autem

617 1747 768 1814 talis
821 1751 936 1812 est.
1031 1749 1256 1814 Picum
1309 1751 1554 1816 amavit
1601 1749 1920 1832 Pomona,
1982 1773 2323 1834 pomorum
2384 1751 2525 1836 dea,
2584 1755 2647 1814 et
2702 1749 2839 1814 eius
2894 1753 3175 1816 volentis
3220 1765 3283 1812 10

617 1857 716 1916 est
765 1855 1000 1942 sortita
1043 1857 1430 1942 coniugium.
1523 1861 1754 1940 postea
1797 1855 2011 1938 Circe,
2058 1879 2205 1922 cum
2254 1881 2399 1922 eum
2446 1859 2695 1922 amaret
2744 1857 2807 1920 et
2854 1879 3177 1940 spernere-

613 1965 748 2044 tur,
791 1959 962 2026 irata
1011 1985 1156 2026 eum
1199 1961 1272 2026 in
1317 1985 1526 2056 avem,
1573 1963 1792 2046 picum
1839 1963 2177 2048 Martium,
2228 1965 2569 2028 convertit:
2626 1987 2779 2028 nam
2828 1965 3029 2042 altera
3080 1967 3175 2028 est

613 2067 776 2150 pica.
839 2067 964 2132 hoc
995 2073 1212 2134 autem
1251 2071 1392 2136 ideo
1429 2071 1718 2154 fingitur,
1759 2071 1908 2154 quia
1947 2091 2155 2154 augur
2190 2069 2319 2134 fuit
2360 2073 2421 2134 et
2460 2071 2635 2136 domi
2668 2069 2903 2136 habuit
2940 2071 3175 2154 picum,

615 2193 730 2256 per
783 2197 976 2258 quem
1029 2175 1252 2242 futura
1305 2179 1648 2244 noscebat:
1707 2177 1880 2262 quod
1937 2179 2347 2262 pontificales
2404 2175 2695 2242 indicant
2748 2177 2921 2242 libri.
3010 2175 3175 2240 bene

617 2283 832 2344 autem
895 2305 1092 2368 supra
1147 2283 1206 2348 ei
1263 2285 1496 2350 lituum
1549 2281 1752 2370 dedit7
1817 2283 1991 2370 quod
2052 2289 2153 2348 est
2218 2305 2531 2370 augurum
2596 2283 2959 2368 proprium:
3016 2305 3173 2348 nam
3218 2297 3279 2344 15

617 2387 820 2452 ancile
871 2391 930 2454 et
979 2383 1206 2454 trabea
1253 2391 1622 2456 communia
1667 2393 1818 2456 sunt
1867 2413 2011 2456 cum
2048 2391 2233 2456 Diali
2274 2393 2379 2456 vel
2424 2391 2719 2456 Martiali
2764 2391 3115 2454 sacerdote.

795 2497 938 2562 194.
1015 2515 1318 2562 PLACIDO
1377 2515 1592 2562 PRIOR
1645 2515 1896 2562 EDIDIT
1970 2517 2107 2562 ORE
2168 2499 2333 2562 bene
2398 2495 2745 2582 tplacido'3
2810 2497 3173 2580 legatorum

615 2601 784 2666 enim
841 2601 1052 2670 fuerat
1101 2607 1170 2670 ut
1217 2603 1348 2688 ipsi
1393 2611 1540 2670 ante
1599 2605 2041 2690 loquerentur:
2108 2605 2201 2670 sic
2246 2605 2317 2670 in
2364 2607 2641 2670 seeundo
2692 2603 2909 2688 (279)
2962 2603 3171 2668 ultro

613 2709 816 2774 flens
867 2711 1028 2794 ipse
1075 2711 1408 2778 videbar.

789 2817 936 2882 195.
999 2835 1242 2882 DIGITE
1277 2835 1740 2884 DARDANIDAE
1779 2821 1890 2882 aut
1929 2841 2009 2882 ex
2044 2823 2227 2884 veste
2254 2841 2363 2884 eos
2392 2817 2713 2884 Troianos
2752 2841 2889 2884 esse
2932 2837 3169 2904 cogno·
3208 2831 3275 2880 2ο

615 2923 760 3004 scit,
801 2927 966 3008 quae
1005 2927 1142 2988 erat
1177 2925 1442 3010 propria
1481 2925 1770 3012 gentium
1811 2925 2241 3012 singularum3
2280 2931 2393 2992 aut
2428 2921 2597 2990 κατὰ
2622 2919 2699 2990 τὸ
2730 2921 3171 3008 σιωπώμενον

609 3029 1042 3114 intellegimus
1113 3031 1382 3118 famam,
1453 3055 1640 3120 quae⁴
1679 3055 1788 3096 eos
1855 3033 2075 3098 venire
2134 3033 2581 3118 nuntiaverat,
2642 3031 2911 3096 eandem
2974 3031 3169 3096 etiam

611 3135 924 3202 Troianos
975 3159 1114 3204 esse
1161 3137 1428 3204 dixisse:
1477 3139 1640 3204 unde
1689 3137 1888 3204 infert
1937 3137 2299 3222 ‘auditique
2340 3139 2677 3204 advertitis
2718 3157 2995 3222 aequore
3032 3157 3169 3200 cur-

611 3243 804 3308 sum'.
887 3243 1364 3312 ‘Dardanidae’
1411 3249 1652 3330 autem,
1703 3267 1776 3310 ac
1827 3247 1880 3310 si
1929 3245 2169 3310 diceret
2220 3245 2287 3310 ‘o
2340 3243 2651 3330 cognati’.

749 3463 778 3512 1
831 3455 1118 3527 Horatius]
1179 3473 1344 3512 carm.
1389 3457 1472 3510 ΙΙΙ
1509 3459 1572 3522 5,
1611 3463 1676 3510 10
1723 3459 1740 3528 11
1797 3461 1864 3510 10
1909 3453 2107 3510 Picum
2152 3457 2365 3510 amavit
2404 3499 2419 3512 .
2458 3495 2473 3510 .
2512 3501 2523 3512 .
2566 3457 2715 3524 quod
2758 3457 2849 3510 est
2890 3471 3169 3522 augurum

609 3525 924 3598 proprium]
967 3545 1134 3582 exscr.
1173 3529 1516 3598 mythogr.’I
1557 3531 1674 3596 182,
1713 3525 1762 3580 1Ι
1801 3533 1924 3594 213,
1964 3525 2041 3581 ΙΠ
2084 3533 2165 3598 11,
2208 3533 2287 3582 11.
2348 3529 2413 3582 cf.
2454 3527 2585 3582 Isid.
2624 3543 2705 3582 or.
2740 3525 2845 3580 XII
2882 3531 2935 3596 ¹7,
2968 3531 3037 3580 47

751 3729 782 3780 2
825 3725 1014 3780 dicens
1053 3741 1152 3780 om.
1185 3725 1318 3780 LH
1347 3727 1516 3796 (supr.
1547 3739 1680 3780 vere.
1713 3723 1842 3778 add.
1869 3723 1910 3790 l)
1952 3723 2275 3776 antiliornm
2314 3723 2365 3776 L
2390 3725 2411 3794 11
2440 3723 2497 3776 et
2536 3727 2663 3778 ante
2698 3719 2941 3776 nominis
2976 3735 3079 3776 om.
3106 3719 3173 3774 F

609 3795 624 3868 Η
659 3795 850 3866 togice
887 3797 960 3848 Η
977 3798 996 3868 ΙΙ
1037 3799 1252 3864 septem
1289 3839 1302 3852 .
1339 3841 1350 3852 .
1379 3837 1392 3850 .
1431 3795 1634 3850 ancilia
1671 3811 1812 3864 quae
1847 3795 2017 3848 edidit
2058 3795 2395 3862 Stephanae,
2436 3811 2619 3848 eume
2656 3795 2787 3846 meis
2824 3795 2979 3846 libris
3014 3807 3163 3846 unus

609 3867 988 3922 Floriaeensis
1021 3867 1242 3936 habeat,
1283 3883 1398 3922 non
1427 3871 1570 3936 puto
1605 3867 1924 3932 seruatur-ie,
1964 3881 2101 3932 quas
2132 3865 2501 3920 Burmannus
2536 3867 2635 3934 hoc
2674 3861 2785 3918 leco
2824 3869 3099 3934 tamquam
3136 3879 3165 3916 e

607 3939 726 3992 suis
761 3939 918 3992 libris
957 3943 1206 3992 enotatas
1233 3939 1678 4002 commemoravit,
1701 3937 1872 4002 fidem
1899 3937 2205 3990 habendam
2230 3953 2353 3990 esse.
2382 3937 2401 4004 ΙΙ
2434 3943 2463 3990 3
2500 3935 2737 4006 pignora
2776 3935 2923 4002 q'uae
2956 3933 3167 3988 Preller

603 4009 786 4064 Roem.
831 4009 1062 4080 Mythol.
1095 4025 1152 4078 p.
1197 4015 1300 4062 544
1339 4011 1520 4062 adnot.
1557 4013 1614 4062 5:
1653 4005 1816 4076 paria
1853 4023 1997 4074 quae
2038 4005 2101 4058 F
2148 4023 2249 4074 per
2284 4023 2431 4074 quae
2466 4007 2587 4062 LR
2604 4005 2929 4060 Burmanni
2962 4011 3013 4058 et
3052 4003 3167 4058 Ste-

599 4083 822 4152 phanus
849 4083 868 4150 ΙΙ
891 4079 1134 4134 Romani
1171 4079 1524 4150 Stephanus„
1563 4077 1756 4134 tenent
1795 4077 1854 4132 F
1885 4083 1938 4132 et
1978 4077 2097 4132 Vos.
2124 4079 2453 4134 Burmanni
2460 4119 2477 4146 ‚
2516 4077 2773 4140 tenerent
2808 4077 2967 4146 vulyo
2992 4077 3013 4146 ΙΙ
3044 4075 3167 4130 aius

605 4153 684 4218 F,
723 4171 852 4208 30110
885 4153 1066 4222 vulyo.
1119 4155 1306 4206 cestus
1343 4149 1554 4206 Lobeclc
1587 4151 1858 4218 Aylaoph.
1887 4167 1950 4218 p.
1990 4155 2095 4204 304
2130 4149 2277 4218 lapis
2318 4149 2521 4204 Preller
2560 4151 2593 4204 l.
2634 4149 2669 4204 l.
2700 4151 2717 4218 ΙΙ
2752 4155 2791 4202 4
2826 4147 3165 4202 Veientano-

601 4241 730 4278 rum
763 4225 986 4292 scripsi:
1023 4223 1414 4278 uenientorum
1443 4223 1500 4276 F
1551 4221 1918 4276 Veientorum
1964 4219 2083 4276 Vos.
2102 4221 2427 4276 Burmanni
2452 4225 2501 4276 et
2530 4221 2839 4290 Stephanus
2896 4217 3165 4272 Veiorum

607 4297 682 4348 M
681 4297 918 4350 asvieius
945 4297 966 4366 ΙΙ
991 4297 1200 4350 orestes
1229 4293 1292 4348 F
1313 4299 1332 4364 ΙΙ
1357 4293 1626 4362 priamive
1657 4293 1834 4348 Ilione
1869 4293 1989 4348 Vos.
2020 4293 2343 4348 Burmanni
2368 4299 2419 4348 et
2446 4293 2757 4362 Stephanus
2786 4293 2803 4364 ΙΙ
2844 4297 2875 4344 6
2908 4289 3163 4362 0011111011]

605 4365 824 4420 scilicet
861 4369 986 4422 add.
1011 4365 1118 4422 AS
1143 4367 1164 4438 ΙΙ
1191 4383 1382 4420 uersus
1423 4367 1640 4422 constat
1667 4367 1722 4418 A
1761 4365 1922 4434 (corr.
1956 4365 2011 4428 a)
2062 4381 2173 4418 non
2208 4365 2323 4420 stat
2356 4383 2551 4418 uersus
2588 4365 2719 4416 ΕΗ
2726 4365 2803 4416 Μ
2824 4365 2843 4432 ΙΙ
2872 4365 2933 4416 et
2966 4363 3161 4430 aurea]

603 4455 772 4492 aurea
811 4455 946 4494 uero
981 4437 1038 4490 R
1093 4441 1150 4494 et
1197 4455 1422 4494 auream
1473 4451 1604 4490 uero
1643 4437 1706 4488 F
1743 4437 1764 4506 ΙΙ
1821 4443 1848 4490 7
1887 4435 2143 4506 yroniam
2182 4437 2317 4490 RH
2362 4443 2625 4506 yroneam
2666 4437 2717 4488 L
2770 4433 3049 4488 hironiam
3084 4433 3167 4486 M

603 4527 856 4578 yromam
891 4509 956 4562 F
977 4511 996 4578 ll
1023 4509 1260 4564 coniunx
1297 4511 1454 4580 uero]
1493 4509 1732 4562 coniunx
1773 4509 1963 4560 autem
1996 4507 2057 4560 R
2110 4525 2239 4562 sane
2280 4507 2371 4562 hie
2412 4509 2651 4562 coniunx
2688 4503 2747 4560 F
2770 4509 2791 4576 ΙΙ
2824 4509 2859 4558 8
2902 4503 3021 4572 sed]
3064 4503 3163 4556 sed

603 4581 744 4634 dixit
771 4581 836 4632 F
855 4583 874 4650 ΙΙ
903 4587 936 4634 9
973 4597 1110 4650 quos
1143 4623 1154 4636 .
1181 4623 1194 4636 .
1215 4579 1370 4636 .·iam
1401 4597 1498 4634 om.
1531 4581 1660 4632 LH
1669 4577 1738 4632 M
1755 4579 1776 4648 ΙΙ
1807 4579 1995 4632 fabula
2026 4621 2039 4632 .
2070 4623 2081 4634 .
2112 4623 2125 4634 .
2160 4581 2243 4634 est
2282 4597 2379 4634 om.
2412 4579 2557 4646 ΖΗ,
2592 4593 2743 4644 supr.
2776 4591 2909 4630 vers,
2940 4575 3067 4628 add.
3098 4575 3119 4626 l
3146 4573 3163 4644 Η

609 4657 672 4704 10
713 4653 1016 4706 uoluntatis
1057 4671 1092 4706 a
1125 4655 1144 4720 ΙΙ
1191 4659 1252 4706 12
1295 4651 1496 4706 artium
1535 4653 1602 4704 Η
1629 4653 1650 4720 ΙΙ
1685 4665 1814 4704 nam
1853 4649 2037 4704 altera
2074 4653 2159 4704 est
2190 4651 2323 4720 ‘pica
2356 4651 2397 4704 i.
2438 4667 2475 4704 e.
2516 4665 2647 4704 nam
2680 4647 2811 4716 pica
2846 4665 2883 4698 a
2910 4645 3043 4714 pico
3076 4645 3163 4698 di-

603 4741 764 4778 uersa
805 4729 876 4776 est
903 4725 924 4794 ΙΙ
955 4729 1018 4776 13
1059 4725 1154 4792 qui
1193 4725 1236 4778 S
1259 4725 1278 4794 ΙΙ
1307 4741 1550 4792 augarus
1579 4723 1632 4776 R
1673 4727 1830 4792 (corr.
1859 4721 1912 4788 r)
1941 4723 1959 4790 ΙΙ
1988 4725 2055 4776 15
2092 4721 2225 4776 huic
2264 4739 2431 4790 supra
2464 4721 2525 4774 F
2548 4723 2565 4788 Ι]
2594 4725 2661 4772 16
2698 4715 2847 4772 Diali
2886 4715 3003 4788 uel]
3046 4715 3163 4768 dia—

603 4794 736 4848 lium
775 4795 888 4848 AS
927 4797 1080 4864 (corr.
1123 4797 1182 4866 a)
1233 4795 1370 4848 diali
1407 4797 1496 4860 uel
1535 4795 1596 4848 et
1627 4793 1684 4846 L
1735 4791 1912 4846 dialia
1947 4791 2041 4846 uel
2078 4791 2141 4846 F
2180 4795 2199 4862 ΙΙ
2250 4791 2507 4846 marciali
2542 4789 2661 4842 RL
2704 4789 2721 4854 Ι]
2778 4787 3163 4842 sacerdotibus

603 4865 786 4918 ASF
807 4869 828 4934 ΙΙ
857 4873 922 4920 17
961 4883 1182 4932 PLAcrro
1211 4867 1278 4920 H
1299 4869 1318 4936 ΙΙ
1343 4865 1554 4936 placito
1583 4865 1716 4918 ΕΗ
1761 4863 1975 4932 placico
2008 4863 2071 4916 F
2090 4865 2107 4934 ΙΙ
2140 4871 2205 4920 18
2242 4867 2371 4918 ante
2410 4863 2521 4932 ipsi
2550 4859 2609 4914 F
2632 4859 2653 4926 ΙΙ
2684 4865 2745 4914 19
2786 4859 3079 4926 uidebatur
3100 4857 3167 4910 F

603 4935 618 5006 μ
657 4941 726 4988 20
777 4937 1034 5006 agnoscit
1071 4953 1192 4992 esse
1227 4937 1284 4990 R
1339 4940 1356 5007 ss
1413 4945 1476 4992 21
1531 4937 1656 4992 cata
1691 4937 1748 4988 to
1791 4935 2155 5000 siopomenon
2190 4935 2273 4988 vel
2310 4935 2437 4986 cata
2470 4935 2533 4986 to
2570 4929 2937 4998 siopumenon
2972 4929 3103 5008 libri
3142 4929 3159 4998 Η

603 5013 672 5060 22
709 5005 860 5060 fama
899 5025 1044 5074 quae
1081 5007 1214 5062 RH
1221 5009 1296 5062 M
1347 5025 1488 5076 quae
1527 5007 1736 5062 famam
1775 5005 1894 5058 FG
1923 5007 1940 5074 ΙΙ
1974 5007 2193 5060 uenisse
2230 5005 2293 5058 F
2302 5005 2349 5058 G
2376 5007 2395 5072 ss
2422 5001 2791 5058 nunciauerat
2820 5001 2877 5056 A
2932 5001 3157 5056 nuntia-

601 5081 692 5132 ret
725 5079 776 5130 L
819 5079 972 5148 (eorr.
1011 5079 1056 5148 l)
1083 5081 1102 5146 ΙΙ
1139 5079 1338 5134 eadem
1371 5079 1572 5136 RLH
1607 5079 1628 5146 ΙΙ
1677 5083 1740 5130 23
1785 5077 1926 5146 esse]
1966 5091 2065 5130 eos
2098 5077 2157 5130 R
2182 5079 2201 5144 ΙΙ
2236 5091 2481 5142 aequora
2524 5073 2583 5128 F
