3900 5784
1315 647 1542 704 COMM.
1577 649 1660 704 m
1695 651 1912 706 veae.
1952 647 2119 704 AEN.
2160 647 2239 700 vl
2276 651 2575 704 622—645.
3140 635 3227 704 89

673 809 964 872 diximus,
1147 827 1444 876 REOENTI
1495 835 1748 900 semper
1791 815 2037 882 fluenti.
2122 815 2183 878 et
2234 813 2395 878 dixit
2440 811 2561 878 hoo
2614 811 2881 896 propter
2924 807 3229 894 paludem

673 915 956 1000 Stygem.
1693 933 1706 950 ·

853 1023 1002 1088 636.
1075 1039 1372 1088 SPARGIT
1411 1043 1594 1104 AQVA
1635 1037 1874 1114 purgat
1911 1055 2007 1094 se:
2048 1051 2203 1092 nam
2242 1029 2547 1112 impiatus
2586 1027 2797 1090 fuerat
2832 1029 2923 1092 vel
2964 1029 3225 1108 aspectu

673 1131 954 1212 Tartari,
1017 1133 1106 1196 vel
1151 1133 1372 1196 auditu
1415 1137 1702 1200 scelerum
1759 1143 1936 1218 atque
1984 1155 2345 1218 poenarum.
2438 1139 2507 1196 et
2548 1133 2885 1218 ‘spargit’‚
2952 1133 3107 1216 quia
3160 1155 3231 1196 se

673 1235 898 1302 inferis
943 1241 1194 1322 purgat.
3266 1249 3297 1300 5

851 1345 1000 1408 638.
1081 1361 1372 1428 AMQENA
1443 1365 1740 1412 VIREOTA
1817 1347 2129 1410 virentia:
2216 1349 2279 1406 et
2354 1349 2453 1408 est
2526 1349 2685 1408 satis
2762 1347 3231 1428 usurpativum.

673 1449 1014 1514 tamoena'
1061 1457 1278 1516 autem
1323 1475 1486 1536 quae
1537 1452 1748 1516 solum
1795 1475 2085 1514 amorem
2144 1453 2507 1532 praestant,
2560 1451 2689 1532 vel,
2754 1455 2823 1514 ut
2882 1475 3077 1534 supra.
3126 1455 3231 1536 <V

679 1557 850 1640 734>
901 1557 1208 1640 diximUS,
1259 1559 1438 1640 quasi
1491 1557 1774 1638 amunia,
1819 1557 1944 1622 hoo
1994 1559 2091 1620 est
2142 1555 2277 1618 sine
2322 1555 2567 1638 fructU‚
2616 1559 2687 1620 ut
2728 1555 2935 1622 Varro
2978 1563 3041 1622 et
3080 1559 3233 1622 Car-

673 1663 916 1728 minius
955 1663 1200 1730 docent.
1267 1661 1514 1728 adludit
1549 1667 1766 1728 autem
1801 1661 1886 1728 ad
1921 1663 2169 1728 insulas
2208 1661 2603 1726 fortunatast
2642 1685 2791 1726 nam
2830 1667 2897 1728 et
2934 1667 3247 1754 sequegiti.

673 1771 798 1836 1100
847 1769 1096 1836 indicat
1143 1793 1348 1836 versu.
3272 1783 3341 1830 10

853 1877 1002 1944 640,
1071 1895 1382 1942 LARGIOR
1439 1895 1558 1940 ch
1619 1883 1890 1942 GAMPo's
1945 1895 2231 1940 AETHER
2292 1899 2423 1940 non
2488 1877 2715 1940 nostro
2778 1876 3051 1960 largior,
3118 1877 3229 1940 sed

675 2007 868 2066 quam
917 1989 1016 2048 est
1057 1985 1126 2046 in
1173 1987 1388 2048 cetera
1421 1983 1774 2048 inferorum
1807 1987 2015 2066 parte.
2088 1985 2201 2048 aut
2238 2005 2303 2048 re
2342 2005 2495 2048 vera
2528 1983 2795 2068 largior,
2844 1985 2897 2046 si
2936 1981 3223 2048 lunarem

675 2091 1004 2174 intellegis
1051 2091 1388 2156 circulum:
1439 2111 1624 2172 nam,
1669 2093 1744 2152 ut
1787 2113 1985 2174 supra
2030 2089 2135 2172 <V
2182 2089 2357 2172 735>
2404 2089 2709 2170 diximus,
2758 2089 2971 2172 campi
3016 2089 3233 2174 Elysii

679 2201 794 2262 aut
839 2197 1010 2282 apud
1055 2197 1300 2262 inferos
1347 2201 1526 2282 sunt,
1573 2201 1684 2260 aut
1729 2197 1796 2258 in
1843 2199 2073 2260 insulis
2120 2197 2501 2280 fortunatis,
2558 2201 2671 2262 aut
2730 2197 2797 2258 in
2856 2197 3063 2260 lunari
3114 2199 3231 2262 cir-

677 2305 852 2368 culo:
901 2303 1192 2372 Lucanus
1245 2303 1384 2388 <IX
1425 2305 1548 2388 11>
1593 2303 1768 2368 illic
1811 2309 2223 2390 postquam
2274 2327 2349 2368 se
2396 2303 2683 2368 lumine
2736 2327 2909 2368 vero
2956 2303 3233 2368 induit.
3274 2315 3341 2362 15

855 2409 1004 2474 641.
1079 2427 1450 2486 SOLEMQVE
1513 2429 1690 2476 SVVM
1757 2411 1884 2474 sibi
1941 2431 2327 2494 congruum,
2396 2413 2467 2472 ut
2528 2411 2931 2496 fessosque
3002 2433 3235 2496 sopor

677 2539 856 2582 suus
907 2521 1230 2600 occupat
1279 2521 1510 2582 artus,

857 2625 1006 2690 642.
1075 2641 1506 2690 PALAESTRIS
1551 2625 2041 2688 luctationibus:
2090 2645 2317 2708 graece
2368 2625 2543 2688 dixit.

859 2731 1008 2796 643.
1081 2719 1558 2796 eoN'rENDvN'r
1607 2735 1796 2796 Lv'Do
1843 2751 1971 2794 non
2022 2731 2183 2796 odio.

859 2837 1006 2900 644.
1073 2853 1394 2902 GHOREAS
1423 2837 1538 2900 tre²’
1577 2837 1892 2922 corripuit
1923 2841 2189 2920 propter
2230 2841 2523 2922 metrum,
2564 2837 2719 2902 alibi
2760 2839 2855 2902 ait
2888 2839 3231 2902 secundum
3274 2851 3343 2898 20

677 2949 1006 3026 naturam,
1049 2947 1122 3006 ut
1167 2943 1304 3024 <IX
1339 2943 1514 3026 612>
1561 2945 1784 3008 iuvat
1829 2943 2235 3026 indulgere
2282 2945 2615 3008 choreis:
2662 2965 2813 3028 ergo
2864 2947 2979 3006 aut
3026 2949 3237 3026 systo-

679 3051 790 3114 len
825 3049 1008 3132 fecit,
1055 3053 1168 3114 aut
1203 3049 1588 3134 antithesin,
1637 3073 1668 3114 e
1703 3073 1820 3132 pro
1863 3071 1920 3112 ει
1958 3071 2237 3132 ponens:
2282 3073 2433 3114 nam
2474 3049 2787 3114 Graecum
2834 3055 2935 3114 est
2982 3071 3235 3116 nomen.

857 3157 1008 3220 645.
1077 3173 1214 3222 NEC
1249 3175 1392 3222 NON
1421 3173 1786 3222 'rimmorvs
1817 3173 2055 3222 LONGA
2098 3173 2241 3222 CVM
2280 3175 2505 3222 VESTE
2544 3173 2899 3222 sAoERDOS
2938 3157 3235 3242 Orpheus

679 3251 1002 3346 Calliopes
1063 3287 1284 3328 musae
1341 3267 1408 3328 et
1459 3263 1694 3350 Oeagri
1759 3263 2045 3328 fluminis
2110 3265 2279 3328 filius
2346 3265 2501 3348 fuit,
2562 3263 2675 3346 qui
2740 3263 2987 3348 primus
3050 3263 3239 3348 orgia

825 3481 860 3528 4
907 3477 964 3530 et
1011 3475 1226 3544 spargit
1267 3519 1278 3530 .
1309 3521 1320 3530 .
1353 3517 1366 3530 .
1403 3475 1636 3544 purgat]
1685 3475 1756 3530 cf.
1795 3475 2039 3530 Macrob.
2080 3475 2197 3530 Sat.
2236 3477 2309 3530 111
2356 3485 2401 3540 1,
2438 3483 2471 3530 8
2524 3479 2543 3546 ΙΙ
2602 3483 2633 3530 ’7
2680 3491 2915 3530 amoena
3062 3515 3075 3528 .
3120 3475 3237 3528 siue

681 3545 892 3618 fructu]
931 3545 1002 3602 cf.
1041 3547 1168 3602 lsid..
1209 3563 1290 3602 or.
1327 3547 1456 3602 XIV
1489 3551 1536 3614 8,
1567 3551 1636 3600 33
1673 3549 1732 3600 et
1771 3545 1884 3600 diff.
1921 3549 2071 3600 verb.
2106 3553 2171 3600 42
2214 3551 2235 3618 1]
2278 3555 2341 3602 10
2380 3549 2689 3620 fessosque]
2732 3563 2919 3618 georg.
2962 3545 3035 3600 lV
3080 3553 3177 3602 190
3218 3545 3239 3618 ΙΙ

681 3623 748 3670 23
791 3617 1044 3686 Orpheus
1085 3659 1096 3672 .
1129 3661 1142 3674 .
1171 3659 1184 3670 .
1225 3619 1470 3688 chordis]
1513 3635 1682 3674 exscr.
1721 3617 2003 3686 mythngr.
2038 3617 2119 3670 ΙΙΙ
2156 3625 2205 3686 8,
2254 3625 2311 3674 19
2356 3621 2413 3674 et
2448 3625 2519 3674 20

827 3821 852 3866 1
895 3815 1158 3884 diximus]
1199 3813 1342 3866 dixit
1383 3815 1456 3868 M
1489 3817 1508 3886 ΙΙ
1553 3821 1582 3866 3
1627 3815 1916 3884 impiatus]
1964 3815 2289 3884 inquinatus
2336 3817 2675 3884 exempla-ria
2710 3819 2979 3884 impressa
3014 3821 3239 3884 praeter

683 3887 1036 3954 Gottinyense
1057 3886 1076 3953 ΙΙ
1117 3891 1152 3936 4
1189 3885 1342 3952 quia]
1385 3885 1546 3952 quasi
1579 3887 1642 3938 F
1663 3889 1682 3950 ΙΙ
1711 3887 1788 3952 se]
1827 3887 1948 3938 inse
1988 3887 2109 3938 inse
2138 3887 2205 3938 H
2226 3888 2245 3956 ΙΙ
2272 3893 2303 3940 5
2344 3887 2575 3956 purgat]
2618 3903 2747 3938 nam
2782 3887 2999 3954 superis
3034 3887 3237 3940 immo—

681 3955 852 4010 laturi
883 3971 1078 4022 corpus
1109 3953 1344 4010 abluunt
1375 3959 1438 4010 ut
1477 3975 1646 4024 supra
1673 3957 1748 4026 (11
1771 3959 1894 4026 719)
1935 3957 2139 4010 ‘donec
2174 3973 2265 4010 me
2300 3957 2529 4010 flumine
2566 3955 2695 4010 vivo
2728 3957 2981 4010 abluero’
3022 3959 3149 4010 add.
3176 3959 3239 4010 D

679 4027 698 4098 Ιῐ
737 4035 770 4082 6
807 4027 1136 4094 usurpatum
1171 4027 1506 4096 exemplaria
1543 4027 1804 4094 impressa
1833 4033 2057 4096 praeter
2084 4027 2429 4082 Lio‘nicmum
2456 4031 2475 4098 {1
2520 4033 2547 4080 7
2588 4025 2847 4082 amoenis.
2886 4027 2951 4080 Η
2972 4031 2993 4094 ΙΙ
3020 4029 3233 4098 autem]

681 4091 942 4152 dicuntur
979 4097 1106 4152 add.
1141 4097 1228 4164 M,
1267 4101 1398 4152 sunt
1431 4115 1582 4166 supr.
1621 4115 1756 4154 vers,
1795 4101 1922 4154 add.
1960 4115 1989 4152 s
2012 4101 2033 4168 ΙΙ
2068 4103 2101 4152 8
2140 4099 2227 4170 ut]
2266 4097 2349 4150 ait
2384 4099 2447 4154 ut
2482 4099 2537 4152 R
2562 4099 2583 4166 ss
2628 4105 2657 4154 9
2696 4097 2843 4152 ludit
2880 4097 2999 4164 FO
3018 4100 3039 4167 ΙΙ
3064 4097 3239 4154 fortu-

679 4171 940 4224 natorum
971 4167 1088 4222 FO
1111 4169 1128 4238 ΙΙ
1161 4175 1222 4224 10
1255 4171 1436 4242 versu]
1477 4187 1698 4224 uersum
1729 4169 1802 4222 Η.
1863 4169 2081 4224 uirecta
2108 4173 2293 4224 autem
2336 4169 2483 4222 sicut
2510 4169 2709 4224 salicta
2738 4171 2863 4224 add.
2890 4169 2935 4224 0
2958 4173 2979 4238 n
3010 4175 3069 4224 11
3106 4187 3237 4224 0110»

679 4263 778 4296 va
813 4241 930 4296 AO
949 4241 968 4310 ΙΙ
1003 4241 1234 4310 Asi-nse]
1273 4261 1320 4298 Ε.
1361 4261 1408 4298 1,.
1445 4263 1498 4296 v.
1537 4261 1582 4296 P.
1625 4243 1750 4298 add.
1789 4241 1864 4294 M
1885 4245 1902 4314 ΙΙ
1939 4247 2007 4296 13
2044 4241 2423 4310 intellegimus
2464 4241 2537 4294 M
2560 4241 2581 4310 ΙΙ
2622 4247 2783 4304 lose
2818 4259 2917 4296 om.
2960 4241 3023 4294 F
3044 4244 3063 4310 ΙΙ
3102 4259 3239 4296 uero

679 4313 892 4368 lumine
929 4313 1006 4366 M
1023 4316 1042 4383 ΙΙ
1067 4313 1224 4384 uero]
1269 4313 1402 4366 0100
1425 4313 1490 4366 F
1513 4315 1528 4382 ΙΙ
1555 4313 1762 4384 induit]
1801 4313 2069 4382 impleuit
2108 4313 2153 4368 0
2174 4313 2195 4382 ΙΙ
2222 4313 2429 4384 induit]
2468 4313 2729 4368 homerus
2766 4329 2995 4382 campos
3032 4311 3237 4382 elysios

683 4385 764 4438 ad⁴
801 4385 1016 4440 insulas
1059 4385 1372 4440 fortunatas
1417 4401 1540 4438 esse
1565 4385 1828 4440 testatur
1873 4383 2029 4438 hisee
2072 4385 2323 4440 uersibus
2374 4387 2501 4440 add.
2538 4385 2601 4436 D
2636 4403 2729 4440 sex
2764 4403 3015 4438 versuum
3050 4383 3235 4452 spatio

679 4457 882 4510 relicta.
937 4457 1010 4522 ef.
1055 4455 1154 4512 od.
1195 4455 1270 4508 [V
1305 4461 1410 4508 563
1435 4471 1546 4524 sqq.
1577 4457 1594 4524 ΙΙ
1629 4463 1690 4510 16
1731 4457 2059 4528 congruum]
2100 4475 2263 4526 grece
2300 4455 2441 4512 dixit
2480 4457 2607 4510 add.
2638 4457 2713 4508 M
2732 4455 2753 4524 ΙΙ
2794 4463 2861 4508 17
2900 4473 3027 4508 suos
3066 4455 3181 4508 FO
3214 4457 3235 4526 Η

685 4533 752 4580 18
789 4529 946 4582 schol.
977 4529 1054 4580 ad
1077 4543 1126 4582 v.
1159 4533 1262 4580 642
1291 4543 1388 4580 om.
1417 4527 1534 4580 FO
1555 4527 1574 4594 ΙΙ
1609 4545 1884 4580 PALEsrms
1921 4529 2053 4580 libri
2078 4529 2099 4596 ΙΙ
2126 4527 2287 4598 dixit]
2326 4545 2459 4582 nam
2498 4527 2761 4580 παλαίειν
2794 4523 3001 4578 luctari
3036 4525 3233 4580 dicunt

683 4595 896 4668 graeci,
933 4599 1064 4652 inde
1099 4595 1252 4666 πάλη
1289 4599 1414 4652 add.
1451 4597 1516 4650 D
1539 4601 1558 4666 ΙΙ
1589 4603 1654 4652 19
1687 4597 1854 4668 Lvno]
1891 4599 2039 4652 inter
2074 4615 2135 4652 se
2170 4599 2303 4652 ludo
2344 4601 2471 4652 add.
2510 4597 2569 4650 D
2596 4601 2711 4664 1120
2750 4613 2807 4650 re
2850 4637 2861 4650 .
2892 4637 2903 4650 .
2936 4637 2947 4646 .
2990 4599 3229 4652 metrum

683 4687 784 4726 om.
825 4669 874 4724 0
895 4673 912 4742 ΙΙ
949 4670 1244 4740 corripitur
1281 4669 1342 4724 F
1363 4673 1386 4738 ΙΙ
1417 4671 1606 4738 preter
1641 4669 1706 4724 H
1727 4671 1748 4738 ΙΙ
1787 4667 1924 4722 alibi
1964 4711 1977 4722 .
2012 4711 2021 4724 .
2052 4709 2063 4722 .
2106 4669 2345 4738 choreis]
2384 4669 2603 4724 chorias
2640 4667 2831 4736 graeci
2870 4667 3065 4720 dicunt
3100 4667 3227 4722 ideo

685 4743 798 4812 (ide
837 4743 904 4814 0)
953 4743 1060 4796 iste
1117 4743 1340 4796 breuem
1389 4741 1574 4808 posuit
1629 4739 1720 4794 hic
1777 4757 1834 4792 re
1885 4757 1989 4808 pro
2018 4785 2029 4796 .
2060 4739 2097 4794 i.
2144 4757 2273 4796 nam
2318 4739 2483 4794 alibi..
2504 4739 2673 4806 longa
2722 4739 2805 4792 est
2852 4741 2915 4792 ut
2964 4739 3059 4806 (XI
3098 4741 3227 4804 224)

681 4815 1036 4882 lustrantque
1075 4813 1292 4868 choreis
1329 4809 1526 4880 (coreis
1563 4811 1632 4882 O)
1667 4811 1760 4864 uel
1795 4811 1926 4876 quia
1966 4813 2173 4864 uocalis
2214 4813 2465 4864 uocale'm
2504 4811 2753 4878 sequitur
2788 4809 2903 4862 FC
2924 4811 2945 4880 ΙΙ
2986 4815 3051 4864 21
3094 4811 3223 4864 0110-
3264 4841 3267 4844 -

663 4885 816 4956 reis]
871 4885 1110 4956 dioregis
1149 4885 1214 4940 H
1255 4883 1274 4952 ΙΙ
1325 4889 1392 4936 22
1429 4881 1566 4936 facit
1603 4883 1712 4936 AS
1757 4885 1776 4950 ΙΙ
1829 4879 2121 4948 anthyesin
2158 4883 2219 4934 F
2254 4883 2273 4948 ΙΙ
2326 4897 2357 4934 0
2394 4895 2495 4946 pro
2532 4897 2585 4930 ει
2624 4879 2947 4934 Fabricius:
2996 4881 3015 4934 i
3050 4897 3151 4948 pro
3192 4895 3223 4932 e

685 4955 936 5012 ASRH
943 4959 1020 5012 M
1045 4993 1050 4998 -
1075 4975 1192 5026 pro.
1225 4975 1278 5010 Η.
1317 4969 1346 5006 0
1387 4953 1502 5006 FO
1537 4955 1558 5022 ΙΙ
1603 4951 1834 5022 ponens]
1875 4967 2117 5018 Ἰ1110110110
2152 4953 2221 5004 R..
2268 4953 2333 5002 ut
2368 4967 2467 5018 pro
2506 4951 2695 5018 χορεία
2736 4949 2921 5018 posuit
2960 4949 3129 5020 χορέοι
3162 4949 3227 5000 id

691 5029 778 5082 est
813 5029 1018 5084 chorea
1055 5031 1178 5084 add.
1207 5027 1270 5080 D
1295 5027 1314 5096 ΙΙ
1355 5031 1422 5078 24
1443 5023 1712 5092 ,calliopis
1751 5021 1930 5076 AFO
1964 5023 2123 5090 (corr.
2162 5023 2219 5090 a)
2250 5025 2269 5090 ΙΙ
2292 5037 2483 5072 musae
2520 5037 2621 5074 om,
2660 5021 2709 5074 0
2732 5025 2749 5092 ΙΙ
2774 5021 2919 5076 filius
2960 5023 3017 5076 et
3052 5019 3225 5088 siagri

689 5099 930 5154 fluminis
969 5103 1030 5154 F
1051 5105 1070 5169 ΙΙ
1111 5099 1284 5168 siagri
1321 5097 1408 5164 Cu
1445 5095 1682 5148 fluminis
1719 5111 1816 5148 om.
1849 5093 1904 5146 R
1927 5095 1948 5162 ΙΙ
1990 5093 2097 5146 fuit
2132 5111 2231 5146 om.
2274 5089 2319 5144 O
