3900 5784
1299 595 1522 654 COMM.
1563 597 1638 652 IN
1683 597 1890 652 VERG.
1935 597 2097 652 AEN.
2138 597 2269 654 VIII
2308 603 2599 652 642—646.
3082 597 3205 662 291

657 765 974 822 occurrat.
1063 777 1212 822 san-e
1251 765 1490 824 constat
1529 767 1678 844 post
1715 763 2037 826 victoriam
2074 741 2151 824 ‘dc
2196 763 2465 826 Albanis
2508 759 2961 840 Romanorum,
3024 783 3209 844 quam

651 885 762 948 per
819 867 1218 930 conditionem
1263 867 1680 932 Horatiorum·
1729 873 1788 932 et
1833 867 2257 932 Curiatiorum
2312 867 2515 948 adepti
2574 875 2741 948 sunt,
2808 869 2917 934 hoc
2972 869 3211 950 factum

657 993 780 1060 esse
825 975 988 1054 quod
1027 973 1134 1036 hoc
1185 975 1308 1038 loco
1339 979 1524 1058 poeta
1569 977 1884 1040 narravit:
1941 995 2091 1038 nam
2134 975 2647 1056 quemadmodum
2692 977 2949 1042 Mettius
2994 979 3085 1044 vel
3130 981 3213 1044 ad

657 1079 968 1144 auxilium
1017 1081 1204 1158 facile
1253 1083 1380 1146 nisi
1425 1081 1628 1146 iussus
1673 1081 1971 1146 venisset?
2032 1079 2119 1144 vel
2164 1085 2305 1162 post
2340 1081 2645 1164 comitam
2688 1081 2973 1160 fra-adem
3022 1089 3211 1150 acciri

657 1191 786 1250 tam
837 1185 1020 1266 facile
1063 1189 1384 1270 potuisset,
1445 1189 1574 1254 Μετ’
1623 1193 1946 1272 tamquam
1996 1187 2295 1252 subiectus
2344 1187 2839 1266 conyratuzamm
2892 1191 3209 1254 victoriam
3248 1199 3281 1248 5

655 1293 742 1356 ad
789 1293 1040 1358 Tullum
1083 1293 1432 1358 Hostilium
1473 1295 1772 1360 venisset?

837 1401 980 1464 646.
1057 1417 1194 1464 NEC
1241 1419 1386 1464 NON
1437 1419 1872 1480 TARQVINIVM
1929 1419 2233 1466 EIEcrvM
2292 1419 2661 1466 PORSENNA
2704 1391 3007 1466 IVBEBAT
3056 1403 3207 1470 Tar-

657 1507 918 1592 quinius
967 1505 1294 1592 Superbus
1341 1509 1574 1572 habuit
1613 1509 1906 1590 perditos
1962 1507 2159 1590 filios,
2210 1507 2381 1570 inter
2436 1529 2595 1590 quos
2644 1507 3013 1574 Arruntem.
3096 1503 3207 1596 qui

653 1615 808 1678 dum
863 1615 936 1678 in
987 1617 1222 1680 castris
1281 1617 1476 1698 essct,
1533 1619 1716 1698 patre
1775 1635 1890 1678 suo
1939 1613 2219 1676 Ardeam
2278 1615 2637 1698 obsidente,
2694 1619 2761 1680 et
2806 1621 2985 1680 ortus
3038 1623 3207 1682 esset

649 1719 826 1786 inter
879 1743 1026 1786 eum
1085 1725 1148 1784 et
1205 1719 1626 1804 Collatinum,
1693 1721 1993 1784 maritum
2054 1719 2413 1806 Lucretiae,
2476 1721 2557 1786 de
2608 1723 2921 1788 uxoribus
2976 1747 3205 1808 serm0,
3250 1731 3313 1778 10

653 1849 730 1892 eo
777 1850 978 1910 usque
1025 1827 1344 1912 processit
1379 1827 1734 1910 contentio,
1783 1829 1854 1890 ut
1897 1827 1975 1890 ad
2012 1827 2383 1912 probandos
2424 1851 2643 1904 earum
2680 1851 2893 1894 mores
2932 1833 3205 1912 arreptis

651 1935 834 2016 equis
899 1935 1120 1998 statim
1191 1935 1414 1998 domos
1451 1935 1628 1998 'suas
1697 1935 1890 1999 simul
1964 1935 2545 2018 proficiscerentur.
2632 1935 2913 2022 ingressi
2982 1937 3203 2022 itaque

653 2041 982 2106 civitatem
1023 2039 1398 2124 Collatiam,
1445 2039 1560 2106 ubi
1593 2043 1720 2106 fuit
1755 2041 2093 2106 Lucretiae
2132 2043 2359 2108 domus
2370 2095 2391 2128 ,
2436 2045 2819 2112 invenerunt
2854 2065 3001 2108 eam
3046 2043 3205 2106 lani-

651 2147 798 2212 ficio
847 2169 1110 2232 operam
1161 2147 1424 2212 dantem
1469 2153 1536 2214 et
1579 2151 1832 2214 tristem
1879 2153 2147 2234 propter
2192 2151 2417 2216 mariti
2460 2151 2839 2216 absentiam.
2930 2151 3077 2214 inde
3128 2151 3203 2214 ad

657 2255 960 2320 Arruntis
1007 2255 1270 2318 domum
1317 2255 1594 2338 profecti
1641 2279 1788 2322 cum
1833 2279 2097 2322 uxorem
2146 2259 2283 2322 eius
2322 2259 2721 2322 invenissent
2760 2257 3093 2322 cantilenis
3148 2259 3207 2320 et
3250 2261 3313 2310 15

653 2361 1110 2426 saltationibus
1179 2361 1652 2446 indulgentem,
1721 2365 1965 2428 reversi
2032 2365 2109 2428 ad
2180 2367 2395 2428 castra
2458 2369 2629 2430 sunt.
2716 2365 2893 2448 quod
2952 2361 3203 2428 Arruns

651 2469 876 2532 dolens
927 2493 1070 2534 cum
1115 2469 1196 2532 de
1233 2469 1666 2554 expugnanda
1699 2469 2041 2536 Lucretiae
2062 2467 2381 2536 ⁴castitate
2420 2471 2761 2556 cogitaret,
2808 2471 3031 2534 mariti
3066 2471 3203 2534 eius

651 2577 910 2640 nominc
949 2577 1300 2658 epistulam
1335 2573 1522 2640 finxit
1561 2581 1624 2640 et
1663 2577 1836 2640 dedit
1871 2577 2237 2660 Lucretiae,
2284 2579 2353 2640 in
2404 2601 2533 2662 qua
2572 2577 2697 2642 hoc
2734 2577 3205 2660 continebatur,

651 2685 724 2748 ut
757 2683 1008 2748 Arruns
1049 2681 1478 2766 susciperetur
1515 2683 1824 2768 hospitio,
1899 2707 2027 2770 quo
2062 2685 2237 2750 facto
2278 2707 2395 2768 per
2426 2687 2683 2748 noctem
2722 2685 2947 2750 stricto
2988 2685 3203 2770 gladio

651 2789 792 2854 cius
845 2787 1184 2874 ingressus
1239 2788 1604 2854 cubiculum
1665 2813 1810 2854 cum
1863 2791 2213 2874 Aethiope,
2282 2793 2403 2856 hac
2464 2795 2601 2854 arte
2670 2791 2803 2874 egit
2862 2793 2935 2856 ut
2992 2811 3203 2856 secum
3244 2795 3311 2844 20

651 2895 876 2974 coiret,
925 2895 1140 2960 dicens
1191 2893 1348 2958 ‘nisi
1395 2917 1648 2960 mecum
1689 2897 2137 2982 concubueris,
2184 2895 2575 2980 Aethiopem
2624 2901 2837 2962 tecum
2884 2895 3205 2980 interium,

649 3007 978 3084 tamquam
1041 3001 1106 3066 in
1167 3001 1480 3066 adulterio
1539 3001 2113 3086 deprehenderim'.
2204 3003 2447 3066 timens
2504 3003 2725 3088 itaque
2772 3003 3069 3070 Lucretia
3126 3025 3205 3066 nc

651 3109 972 3174 castitatis
1035 3129 1252 3174 amore
1309 3107 1554 3174 famam
1605 3109 2011 3192 deperderet,
2072 3111 2311 3192 quippe
2368 3131 2563 3194 quam
2626 3111 2767 3174 sinc
2818 3111 3203 3196 purgatione

651 3217 936 3280 futuram
999 3237 1140 3280 esse
1201 3217 1530 3300 cernebat,
1591 3215 1802 3282 invita
1853 3217 2155 3300 turpibus
2208 3217 2503 3300 imperiis
2554 3201 2833 3298 paruit·
2884 3219 2945 3280 et
3002 3215 3203 3280 altero

651 3321 750 3386 die
795 3321 1164 3386 convocatis
1203 3323 1608 3406 propinquis,
1653 3323 1892 3388 marito
1925 3321 2281 3406 CollatinO,
2320 3327 2509 3406 patre
2548 3321 2959 3408 Tricipitino,
3000 3321 3201 3386 Bruto
3244 3327 3307 3374 25

651 3429 990 3512 avuncule,
1039 3429 1150 3512 qui
1193 3429 1492 3492 tribunus
1543 3429 1828 3514 equitum
1875 3429 2157 3494 celerum
2192 3429 2431 3512 fuerat,
2466 3451 2605 3492 rem
2652 3429 2969 3514 indicans,
3018 3429 3205 3512 petiit

649 3559 726 3600 nc
783 3537 1066 3600 violatus
1125 3537 1358 3620 pudor,
1425 3557 1584 3604 neve
1653 3537 1898 3602 inultus
1958 3537 2095 3600 eius
2164 3539 2335 3600 esset
2396 3537 2721 3620 interitUS,
2790 3537 2853 3598 913
2914 3537 3201 3600 coniecto

745 3699 748 3702 ⁴
795 3735 824 3784 7
861 3727 1198 3796 Tarquinius
1235 3727 1520 3798 Superbus
1557 3745 1602 3782 9.
1645 3747 1694 3798 q.
1731 3731 1800 3800 9.]
1839 3745 2015 3786 exscr.
2056 3729 2329 3798 mythogr.
2372 3729 2401 3784 I
2436 3735 2505 3784 ¹74

795 3913 822 3960 1
859 3903 1192 3960 uictoariam
1227 3905 1294 3958 F
1313 3909 1330 3972 [Ι
1377 3911 1410 3958 2
1449 3907 1792 3962 curatiorum
1825 3907 1890 3960 F
1911 3909 1930 3976 ΙΙ
1968 3907 2185 3960 factum
2220 3909 2309 3960 9913
2344 3907 2407 3960 F
2436 3908 2455 3978 [Ι
2506 3915 2535 3960 3
2572 3907 2779 3960 Metius
2818 3905 3201 3960 Gommelinus:

649 3979 728 4032 dii
765 3977 968 4032 metius
1007 3977 1068 4032 F
1119 3977 1250 4032 dum
1293 3975 1346 4030 et
1383 3975 1466 4030 ius
1507 3979 1712 4032 Daniel
1759 3981 1778 4050 ss
1821 3981 1896 4032 ad
1931 3979 2199 4032 auxilium
2242 3979 2579 4032 Masvz’cius:
2622 3979 2693 4032 ad
2732 3995 2827 4032 om.
2872 3977 2931 4030 F
2962 3981 2983 4050 n
3028 3983 3061 4030 4
3096 3975 3203 4030 nisi

651 4051 1036 4106 Oommelinus:
1073 4047 1202 4102 misi
1235 4047 1298 4102 F
1317 4049 1336 4120 ΙΙ
1363 4047 1608 4104 venisset
1651 4049 2035 4104 Gommelinus:
2072 4047 2295 4104 uenisse
2320 4049 2387 4102 F
2410 4051 2425 4120 fl
2452 4049 2623 4104 acciri
2660 4053 2779 4104 tam
2816 4049 3199 4104 commeamus:

651 4121 942 4176 attirenita
977 4121 1042 4172 F
1089 4119 1446 4174 atciremtam
1479 4119 1690 4176 Daniel
1731 4125 1752 4192 ΙΙ
1805 4127 1836 4176 8
1875 4123 2023 4176 filios
2056 4121 2305 4188 perditos
2342 4121 2475 4174 LH
2516 4125 2535 4192 ΙΙ
2586 4127 2619 4174 9
2660 4125 2783 4176 erat
2816 4121 2871 4172 L
2908 4121 3073 4190 (esset
3112 4121 3151 4184 Z)
3184 4119 3203 4188 11

655 4199 716 4248 10
755 4191 1076 4260 Lucretiae]
1129 4193 1188 4244 et
1231 4193 1516 4244 arruntcm
1563 4191 1740 4246 fllium
1777 4193 2047 4262 tarquinii
2080 4191 2307 4260 superbi
2344 4193 2407 4244 et
2440 4193 2607 4246 bruto
2646 4191 2913 4260 magistro
2950 4191 3205 4260 equitum

651 4267 776 4320 add.
819 4263 896 4316 M
943 4263 962 4332 ΙΙ
1021 4267 1084 4314 13
1125 4261 1448 4316 collatinam
1485 4263 1540 4314 L
1593 4263 1914 4318 collaetiarn
1954 4263 2027 4314 H
2074 4263 2363 4316 colletiam
2404 4263 2477 4314 M
2520 4265 2537 4333 ΙΙ
2592 4269 2661 4316 14
2694 4263 2771 4316 ad
2806 4281 2907 4318 om.
2944 4261 3145 4316 ΑΒΜ
3188 4259 3205 4332 Η

653 4341 714 4392 16
747 4333 998 4390 adruntis
1035 4331 1104 4386 M
1129 4335 1150 4402 ss
1179 4337 1242 4386 16
1283 4333 1456 4404 quod]
1495 4335 1568 4388 ad
1605 4335 1730 4404 (pro
1761 4335 1840 4402 at)
1873 4335 1934 4388 F
1954 4337 1975 4404 ΙΙ
2008 4339 2069 4386 18
2098 4333 2161 4386 in
2188 4351 2297 4402 quo
2326 4333 2465 4386 LM
2514 4339 2569 4386 in
2602 4353 2667 4388 co
2694 4335 2767 4388 H
2784 4337 2803 4404 ΙΙ
2828 4341 2899 4390 20
2926 4331 3205 4400 Aethiope

651 4453 662 4464 .
795 4401 1154 4460 concubueris
1191 4419 1292 4458 om.
1321 4403 1382 4456 F
1407 4405 1424 4474 ΙΙ
1449 4407 1512 4458 ut
1551 4421 1738 4458 secum
1777 4421 1876 4462 om.
1917 4405 1969 4458 L
2010 4407 2161 4476 (add.
2196 4407 2237 4472 l)
2266 4407 2285 4474 ΙΙ
2320 4409 2391 4458 21
2430 4405 2575 4458 coire
2614 4407 2669 4458 L
2704 4407 2865 4476 (corr.
2906 4407 2943 4472 l)
2976 4407 2995 4476 ΙΙ
3032 4409 3097 4456 22
3136 4401 3203 4458 ti-

647 4497 804 4534 mens
829 4477 1026 4546 itaque
1053 4473 1312 4530 Lucretia
1341 4517 1352 4530 .
1387 4517 1398 4530 .
1431 4517 1442 4528 .
1473 4475 1708 4544 uirgatis
1749 4493 1884 4542 ergo
1921 4491 1987 4528 ac
2028 4475 2071 4530 si
2114 4475 2323 4530 diceret
2360 4475 2681 4550 purpuratis
2714 4479 2785 4546 (v.
2812 4479 2937 4542 660)
2978 4491 3075 4530 om.
3102 4473 3163 4524 H
3186 4473 3203 4542 [ς’

647 4569 714 4602 ne
755 4547 1030 4604 castitatis
1065 4563 1256 4600 amore
1293 4545 1504 4600 famam
1541 4563 1660 4614 eyo:
1695 4563 1768 4600 ne
1803 4545 2015 4600 famam
2054 4545 2329 4602 castitatis
2372 4563 2621 4600 amorem
2648 4547 2701 4600 A
2760 4563 2827 4600 ne
2866 4547 3073 4600 famam
3118 4559 3201 4596 ca-

647 4621 852 4674 stitatis
891 4635 1080 4674 amore
1109 4617 1198 4672 Sa
1251 4631 1320 4670 ne
1359 4615 1638 4674 castitatis
1671 4615 1884 4670 famam
1921 4635 2107 4672 amore
2138 4617 2345 4672 RLM
2398 4635 2463 4670 ne
2498 4617 2775 4672 castitatis
2800 4617 3009 4670 famam
3040 4615 3201 4670 casti-

647 4691 784 4746 tatis
819 4707 1006 4746 amore
1047 4687 1106 4742 F
1155 4707 1224 4742 ne
1265 4689 1542 4744 castitatis
1579 4689 1790 4744 famam
1827 4689 2013 4744 morte
2050 4688 2353 4744 Fabricius
2410 4689 2425 4758 ΙΙ
2480 4695 2545 4740 23
2586 4689 2793 4758 quippe
2834 4707 3005 4758 quarn
3040 4689 3203 4740 deine

649 4763 996 4818 dubitatione
1037 4761 1224 4814 futura
1263 4777 1382 4814 9999
1421 4761 1686 4814 cernebat
1719 4761 1784 4812 F
1803 4761 1820 4828 ΙΙ
1851 4765 1920 4812 24
1956 4761 2141 4814 altera
2176 4761 2237 4830 F
2260 4761 2279 4830 ΙΙ
2304 4763 2373 4812 25
2410 4759 2721 4828 tripicitino
2764 4761 2873 4814 AS
2896 4763 2915 4832 fl
2942 4767 3013 4814 2ss
3050 4759 3201 4826 equi-

645 4835 766 4886 tum
817 4851 918 4888 om.
955 4833 1020 4886 F
1057 4835 1074 4900 ΙΙ
1131 4833 1404 4886 scelerum
1437 4831 1500 4882 F
1539 4833 1558 4900 ΙΙ
1613 4839 1680 4884 27
1725 4829 1975 4884 uiolatus
2014 4833 2065 4884 ei
2102 4831 2281 4900 pudor
2316 4829 2373 4880 A
2424 4827 2671 4886 uiolatus
2710 4835 2831 4886 eius
2872 4833 3049 4902 pudor
3084 4831 3143 4884 13
3184 4829 3205 4900 ΙΙ

647 4906 798 4958 999913
825 4947 836 4958 .
871 4947 882 4960 .
915 4947 926 4956 .
955 4903 1164 4956 Brutus
1199 4903 1268 4956 de
1305 4917 1408 4954 ont.
1437 4901 1488 4952 L
1529 4903 1676 4972 (add.
1705 4903 1746 4970 l)
1775 4903 1794 4968 ΙΙ
1819 4899 2069 4956 indultus
2110 4903 2173 4956 F
2192 4905 2209 4970 ΙΙ
2240 4899 2495 4954 coniecto
2532 4903 2983 4974 mythoyraphus:
3022 4899 3201 4954 eiecto

647 4975 892 5030 ASRF
941 4977 1174 5040 accepto
1221 4975 1298 5026 M
1305 4973 1324 5026 Ζ
1383 4977 1566 5028 erecto
1603 4971 1908 5028 Fabricius
1960 4971 2185 5028 detecto
2224 4971 2603 5028 Burmannus.
2670 4979 2863 5030 exerto
2900 4977 2971 5030 F.
2994 4971 3199 5028 Schoel-

645 5049 768 5102 lius,
825 5045 954 5110 fort
995 5045 1218 5112 arrepto

2678 5137 2777 5190 19*
